2584 3430
1124 172 1382 211 -11-

331 264 460 305 Versu
495 264 648 305 decimo
689 265 810 305 miras
843 264 1088 317 corruptelas
1121 265 1290 317 ‘spargit
1321 266 1518 307 miserata’
1555 266 1754 306 levissimo
1795 266 1969 307 remedio
2009 282 2209 310 removere
2247 285 2365 323 posse

144 327 243 367 mihi
277 327 428 368 videor.
483 327 651 368 Carmen
683 327 857 379 pertinet
892 327 945 368 ad
976 325 1180 368 Somnum.
1234 326 1361 368 Poet-
1391 341 1480 368 cum
1519 342 1704 369 somnum
1737 329 1850 369 nullo
1885 329 2005 370 modo
2050 344 2186 383 capere
2226 335 2363 385 possit,

145 389 326 430 lacrimas
352 389 437 429 fere
464 389 671 428 effundens
699 389 893 441 queritur,
929 403 1008 442 quo
1043 389 1208 430 erimine
1234 390 1494 442 commiserit,
1521 393 1567 430 111
1592 404 1697 430 unus
1722 392 1854 442 quiete
1880 393 2057 443 privatus
2085 393 2254 434 dormire
2280 409 2364 436 non

142 452 285 503 possit,
320 466 412 492 cum
446 454 487 491 et
519 452 701 491 homines
729 455 769 491 et
803 453 989 492 animalia
1022 458 1062 492 et
1094 465 1352 503 quaecunque
1380 453 1454 492 sub
1480 452 1709 504 adspectum
1735 454 1897 494 veniant
1923 454 2184 495 animantium
2212 458 2363 498 formae

143 526 357 567 earumque
376 526 510 553 rerum
536 525 639 565 quae
667 513 885 569 gignantur
904 527 925 553 8
952 515 1073 562 terra,
1102 514 1225 566 quieti
1252 527 1294 553 se
1321 513 1413 553 dare
1441 517 1600 566 queant.
1646 514 1794 554 Versus
1812 515 1987 555 decimus
2005 518 2066 556 est
2082 530 2200 557 sensu
2219 532 2361 559 cassus.

144 574 428 628 corruptelam
457 575 640 627 ‘spargit’
677 574 916 619 Sehraderus
950 576 1224 616 emendatione
1260 576 1415 626 ‘parcit'
1450 577 1667 616 tollendam
1703 590 1786 617 esse
1819 579 1896 617 sibi
1923 580 2132 629 persuasit.
2184 581 2240 620 At
2265 581 2363 621 haec

141 636 369 677 coniectura
404 651 429 676 a
462 636 662 676 sententia
693 637 877 676 carminis
910 637 1031 688 plane
1058 636 1265 688 discrepat.
1320 636 1466 677 Sensus
1494 638 1738 678 desideratur
1764 638 1847 679 hic:
1890 638 2070 692 Septima
2096 640 2175 680 iam
2202 641 2364 682 Phoebe

141 697 298 738 rediens
326 712 389 739 me
416 698 578 750 respicit
604 698 840 750 indm-mem,
864 698 1032 739 totidem
1057 698 1204 738 Oeteae
1231 698 1486 751 Paphiaeque
1515 700 1717 752 lampades
1744 701 1928 741 renident
1953 703 2179 754 totiensque
2205 704 2364 744 Aurora

141 773 204 801 me
230 762 421 812 praeterit
456 773 596 801 somno
630 764 825 812 egentem.
880 761 981 801 Cum
1013 761 1079 800 hic
1111 774 1250 801 sensus
1283 762 1448 802 omnino
1483 762 1744 815 efflagitatur,
1776 764 1863 803 sine
1896 765 2017 804 dubio
2045 764 2257 816 legendum
2283 770 2363 806 est:

141 821 294 874 ‘Pergit
326 822 458 876 gelido
493 822 684 874 fiagello.’
738 820 924 868 Queritur
957 823 1081 875 igitur
1113 825 1232 874 poeta
1266 836 1307 862 88
1340 837 1412 874 per
1446 826 1574 863 totam
1604 827 1761 865 noctem
1796 839 1928 878 usque
1957 825 2006 865 ad
2032 827 2201 877 primam
2232 827 2363 868 lucem

140 897 281 924 somno
323 898 472 937 carere,
513 885 680 925 cruciari
714 897 755 924 se
788 887 828 924 et
861 898 886 924 a
918 884 1079 925 Phoebe
1113 887 1153 925 et
1185 885 1352 925 Aurora.
1407 884 1513 925 Hinc
1547 890 1726 938 apparet,
1766 901 1837 928 cur
1868 890 1988 940 poeta
2020 889 2201 940 proximo
2244 903 2360 930 versu

97 984 100 987 .
137 946 393 986 lamentetur:

642 1008 757 1057 Unde
786 1022 860 1060 ego
888 1009 1110 1048 sufficiam?
1157 1012 1257 1061 etqs.

324 1102 456 1141 Etiam
484 1115 620 1141 vocem
648 1102 859 1141 ‘miserata’
888 1102 1108 1142 sententiae
1137 1103 1272 1159 aperte
1298 1114 1517 1153 repugnare
1545 1106 1725 1153 apparet,
1753 1117 1882 1154 neque
1900 1105 2006 1143 enim
2025 1106 2182 1144 Aurora
2199 1109 2360 1156 poetam

136 1163 358 1202 miseratur.
415 1162 598 1203 Fortasse
625 1163 723 1204 latet
748 1163 791 1203 in
818 1163 959 1203 mendo
989 1175 1064 1203 vox
1091 1165 1304 1203 ‘reserata'.

327 1224 514 1277 Sequitur
541 1238 700 1263 carmen
728 1228 967 1274 extremum,
994 1226 1104 1263 cuius
1131 1238 1267 1262 versus
1293 1224 1376 1262 fere
1404 1238 1539 1263 omnes
1567 1226 1653 1263 aliis
1681 1226 1781 1264 alius
1809 1227 2007 1277 inquinati
2034 1230 2129 1265 sunt
2147 1230 2358 1267 erroribus.

138 1286 327 1325 Continet
361 1286 581 1337 epicedium
615 1287 658 1325 in
692 1301 859 1337 puerum
894 1300 1072 1338 vernam,
1108 1300 1225 1337 quem
1252 1299 1377 1326 unum
1404 1287 1580 1326 omnium
1607 1288 1776 1327 maxime
1804 1288 1953 1328 Statius
1980 1288 2161 1329 dilexisse
2190 1290 2357 1330 videtur.

135 1347 272 1388 Nimio
300 1349 435 1389 dolore
462 1362 588 1400 paene
616 1349 863 1389 exanimatus
890 1349 1068 1401 increpat
1094 1348 1228 1388 Musas
1255 1348 1460 1401 ipsamque
1486 1348 1680 1388 Naturam
1708 1348 1901 1389 adiciens:

636 1432 780 1472 ‘Tanta
805 1431 906 1471 mihi
932 1432 1087 1482 feritas,
1113 1433 1226 1471 tanta
1251 1433 1312 1471 881
1337 1431 1492 1471 insania
1518 1432 1657 1471 luctus.

321 1513 471 1552 Versus
497 1514 550 1552 35
564 1526 672 1565 seqq.
701 1516 796 1552 sunt
821 1514 904 1552 fere
932 1513 1140 1564 desperati.
1194 1514 1400 1564 Leguntur
1426 1514 1545 1563 vulgo
1572 1514 1644 1551 sic:

632 1596 697 1636 Sic
724 1597 871 1647 merui,
901 1597 957 1635 sic
983 1610 1046 1635 me
1074 1598 1271 1647 cantuque
1297 1595 1512 1646 habituque
1539 1596 1736 1635 nefastum

630 1658 841 1710 Aspiciant
868 1658 1019 1711 superi!
1046 1658 1192 1710 pudeat
1218 1657 1451 1710 Thebasque
1477 1671 1703 1710 novumque

630 1720 851 1772 Aeaciden;
879 1721 939 1760 nil
966 1721 1047 1760 iam
1072 1720 1272 1772 placidum
1299 1720 1476 1759 manabit
1502 1721 1552 1759 ab
1579 1733 1645 1758 ore

628 1782 702 1823 Ille
730 1796 805 1835 ego
833 1783 901 1836 qui
929 1783 1130 1834 quotiens!
1157 1783 1303 1822 blando
1331 1785 1579 1834 matrumque
1607 1785 1842 1834 patrumque

629 1844 825 1892 Vulnera,
856 1845 925 1896 qui
953 1845 1090 1884 viduos
1117 1846 1230 1895 potui
1257 1845 1426 1884 mulcere
1454 1844 1607 1883 dolores
1637 1874 1864 1884 ........

629 1906 781 1948 Deficio
807 1906 1056 1958 medieasque
1084 1919 1223 1959 manus
1250 1905 1503 1957 fomentaque
1531 1919 1675 1956 quaero

627 1968 889 2019 Vulneribus,
917 1968 986 2007 sed
1013 1981 1166 2007 summa
1193 1968 1302 2006 meis.

315 2051 450 2090 Lectio
479 2050 635 2091 ‘merui’
663 2050 853 2102 quoniam
880 2063 905 2090 a
930 2050 1049 2089 sensu
1066 2049 1231 2090 omnino
1250 2049 1377 2088 aliena
1404 2051 1480 2099 est,
1508 2049 1619 2088 nullo
1646 2052 1765 2099 pacto
1791 2050 1887 2090 ferri
1913 2052 2059 2102 potest.
2114 2050 2180 2090 Ad
2206 2064 2351 2092 nervos

128 2115 253 2153 totius
285 2114 362 2151 loci
395 2113 575 2163 proxime
609 2113 761 2151 accedit
794 2126 872 2151 vox
899 2112 1088 2160 ‘fremui’,
1121 2125 1223 2161 quae
1249 2115 1289 2149 et
1314 2111 1640 2161 palaeographice
1667 2112 1961 2161 probabilitatis
1989 2113 2161 2163 speciem
2188 2127 2281 2163 prae
2308 2127 2350 2153 se

128 2176 207 2216 fert
233 2188 317 2217 non
343 2188 508 2226 parvam
534 2177 574 2215 et
599 2174 758 2215 notioni
783 2173 898 2215 nimii
925 2173 1074 2215 doloris
1102 2173 1250 2225 optime
1275 2171 1499 2225 respondet.

314 2235 423 2283 Quae
441 2250 478 2276 v.
496 2236 547 2276 38
564 2236 790 2289 repperitur
806 2236 1033 2287 corruptela
1059 2236 1247 2285 ‘blando’,
1275 2247 1363 2274 eam
1380 2247 1496 2274 nemo
1514 2235 1640 2274 adhuc
1665 2236 1885 2286 perspexit,
1914 2237 2112 2287 quomodo
2131 2237 2348 2278 certissime

127 2300 327 2339 emendari
352 2301 491 2349 possit.
546 2299 695 2339 Nescio
722 2312 802 2349 quo
829 2302 946 2350 pacto
973 2300 1210 2349 interpretes
1236 2299 1343 2349 fugit
1368 2299 1411 2337 in
1436 2298 1512 2337 ista
1539 2298 1762 2348 corruptela
1789 2290 1891 2337 nihil
1926 2298 2035 2337 aliud
2062 2299 2140 2337 nisi
2168 2299 2347 2351 ‘plango’

126 2360 263 2402 latere.
317 2359 440 2402 Cuius
471 2360 583 2401 verbi
617 2361 806 2413 quoniam
840 2362 1026 2402 sexcenta.
1051 2355 1241 2412 ‘exempla
1273 2359 1347 2400 tibi
1385 2373 1406 2399 e
1434 2357 1551 2399 Statii
1579 2358 1696 2399 Silvis
1723 2359 1875 2412 porrigi
1902 2362 2088 2412 possunt,
2116 2359 2204 2399 aliis
2231 2373 2346 2413 argu-

124 2424 270 2462 mentis
303 2435 386 2462 11011
418 2424 679 2474 immorabor,
713 2424 945 2474 praesertim
981 2436 1071 2461 cum
1104 2423 1322 2461 sententiae
1355 2422 1531 2460 condicio
1565 2422 1642 2460 hoc
1675 2422 1840 2461 verbum
1873 2436 2000 2461 unum
2027 2421 2229 2473 efflagitet.
2284 2422 2346 2461 De

123 2484 349 2536 corruptela
374 2497 411 2523 v.
439 2485 491 2524 43
519 2485 605 2524 ‘sed
632 2498 785 2524 summa.
811 2485 924 2525 meis’
951 2484 1212 2524 Marklandus
1238 2496 1500 2535 praepropere
1528 2483 1753 2534 desperasse
1780 2483 1897 2523 nobis
1923 2484 2090 2523 videtur.

108 2573 111 2574 γ
310 2545 529 2585 Adnotatio
550 2547 633 2585 eius
647 2547 751 2585 ’11388
770 2550 847 2585 est:
877 2547 1106 2597 ‘Corruptas
1126 2559 1210 2584 esse
1227 2558 1343 2584 voces
1362 2546 1442 2584 8810
1450 2575 1461 2595 ,
1489 2545 1556 2584 sed
1582 2558 1666 2584 non
1693 2559 1856 2596 possum
1884 2547 1928 2584 in
1954 2558 2139 2595 praesens
2165 2545 2342 2583 mederi!

122 2609 179 2647 At
204 2606 404 2647 levissima
432 2607 661 2647 coniectura
678 2607 831 2648 medela
857 2609 990 2661 potest
1017 2606 1149 2647 afferri
1176 2606 1264 2646 loco
1292 2605 1511 2658 desperato.
1560 2604 1689 2652 Quid?
1718 2606 1752 2645 si
1778 2608 1899 2660 poeta
1925 2605 2076 2645 nullam
2103 2605 2343 2644 sententiam

124 2668 390 2721 pronunciare
421 2670 555 2718 potuit
594 2669 673 2707 nisi
708 2670 812 2707 hanc
846 2670 922 2708 sibi
954 2670 1025 2707 uni
1058 2681 1131 2719 pro
1167 2669 1313 2707 doloris
1347 2668 1620 2718 magnitudine
1660 2669 1843 2708 fomenta
1877 2669 2104 2707 vulneribus
2137 2668 2344 2716 quaerenti

124 2734 278 2771 exstare
304 2731 441 2769 nulla?
496 2732 663 2771 Collatis
691 2733 803 2771 codd.
832 2733 956 2771 literis
983 2745 1118 2771 nonne
1144 2732 1340 2770 affirmare
1366 2744 1572 2781 possumus
1600 2731 1818 2770 certissime
1846 2730 2014 2770 Statium
2040 2728 2117 2768 hoc
2143 2728 2231 2768 1080
2259 2743 2343 2767 11011

121 2791 299 2845 potuisse
341 2804 424 2830 non
459 2791 649 2833 scribere:
695 2792 846 2833 Deficio
884 2817 930 2824 —-
965 2791 1221 2845 fomentaque
1256 2803 1401 2843 quaero
1438 2790 1696 2831 Vulneribus!
1739 2791 1808 2832 sed
1843 2793 1986 2831 suntne
2020 2790 2147 2830 meis?
2192 2790 2344 2830 scilicet

49 2886 55 2889 .
122 2867 206 2894 non
236 2856 342 2893 sunt.

307 2917 432 2955 Plane
459 2917 596 2955 eadem
624 2919 687 2956 via
714 2931 759 2956 38
777 2918 932 2956 13110118
959 2917 1129 2956 formam
1156 2912 1481 2967 interrogativam
1500 2916 1550 2954 ab
1578 2916 1861 2968 interpretibus
1888 2914 2063 2954 nondum
2090 2915 2337 2965 perspectam

121 2975 404 3020 restituendam
432 2977 614 3018 existimo
641 2978 684 3018 in
711 2977 805 3020 Silv.
833 2977 875 3020 Π
901 2978 939 3032 6,
967 2978 1030 3019 93.
1085 2977 1249 3032 Legitur
1275 2977 1330 3017 ibi
1357 2977 1431 3018 sic:
2072 3038 2091 3059 *

2045 3043 2063 3070 2
