2671 3430
1201 171 1435 209 -4.-

193 263 302 302 enim
329 262 456 303 Stella
481 265 617 315 poeta,
652 263 802 315 quippe
830 262 899 314 qui
926 274 1060 302 amore
1085 262 1271 302 incensus
1299 262 1369 313 sit,
1404 262 1642 303 molliendus
1677 265 1752 312 est,
1789 263 1856 304 sed
1883 259 2132 306 Violantilla.
2186 265 2276 318 Ipse
2303 268 2431 309 Amor

195 325 314 376 paulo
348 325 458 365 infra
490 325 587 365 dicit
620 324 770 364 Stellae
804 337 979 365 amorem
1013 337 1189 364 amorem
1216 323 1387 364 Leandri
1422 338 1620 376 superare.
1676 324 1736 365 Cf.
1765 339 1803 367 v,
1831 325 1882 365 86
1901 339 2009 379 seqq.
2065 328 2165 368 Cum
2192 328 2431 371 Violantilla

194 387 391 428 flectenda
417 388 487 437 sit,
516 387 772 427 scribendum
801 389 881 427 est:

701 460 771 499 ‘At
797 459 997 511 quondam
1026 460 1203 499 lacrimis
1230 462 1271 499 et
1297 460 1475 511 supplice
1503 461 1643 500 dextra

698 521 752 561 Et
779 523 885 562 votis
911 522 1172 573 precibusque
1199 535 1348 561 nurum
1376 522 1547 562 concede
1573 524 1744 573 moveri,

701 583 734 623 O
762 585 986 636 genetrixl’
1725 576 1729 579 ⁵

389 656 524 696 Nurus
567 670 644 696 vox
686 657 805 696 etiam
848 657 896 695 de
931 657 1246 696 adolescentibus
1279 657 1526 707 mulieribus,
1568 656 1802 696 Violantilla
1835 658 1941 697 enim
1976 663 2102 710 nupta
2134 660 2282 711 fuerat,
2319 675 2427 700 usur-

198 721 316 770 patur
342 732 366 757 a
394 716 522 758 Statio
551 718 594 757 in
622 717 716 760 Silv.
745 716 786 757 II
812 717 849 768 2,
880 718 974 769 145,
1003 717 1052 757 ab
1082 717 1225 757 Ovidio
1253 717 1348 757 Met.
1378 718 1414 769 2,
1443 719 1545 769 365„
1575 717 1668 757 Her.
1702 718 1760 768 16,
1792 718 1866 757 194
1894 722 1934 758 et
1960 721 2128 772 saepius.

384 779 479 819 Non
514 779 716 819 difficilius
752 779 882 819 sanari
917 783 1086 831 possunt
1121 794 1167 819 ea
1202 794 1302 832 quae
1330 780 1519 832 leguntur
1545 781 1588 818 in
1615 780 1642 819 l.
1672 779 1711 818 II
1741 793 1773 819 c.
1805 781 1839 828 1,
1870 794 1904 821 V.
1932 781 1996 833 42,
2034 783 2102 822 ubi
2137 786 2254 834 poeta
2280 783 2428 823 deflens

198 845 365 882 mortem
393 842 507 892 pueri
535 842 694 881 delicati
723 841 821 880 haec
847 842 968 880 verba
994 842 1126 881 tristia
1153 842 1253 881 edit:

703 913 753 952 ‘O
781 913 849 953 ubi
876 927 1076 965 purpureo
1104 914 1275 953 suffusus
1302 914 1497 965 sanguine
1525 903 1673 953 candor

701 974 929 1027 Sidereique
958 975 1073 1015 orbes
1101 975 1330 1027 radiataque
1357 975 1509 1015 lumina
1538 974 1647 1014 caelo

701 1037 756 1077 Et
783 1038 999 1089 castigatae
1027 1038 1194 1079 collecta
1220 1038 1412 1078 modestia
1439 1037 1633 1077 frontis?

388 1120 510 1160 Recte
537 1122 617 1160 iam
645 1121 902 1160 Marklandus
929 1121 1152 1161 adnotavit:
1196 1121 1417 1168 ‘Quomodo
1445 1121 1598 1160 lumina
1615 1121 1815 1160 radientur
1842 1122 1974 1172 caelo,
2002 1137 2086 1162 non
2114 1125 2314 1178 intellego.
2361 1126 2426 1164 An

197 1184 324 1226 voluit
357 1184 590 1235 radiataque
618 1183 775 1224 lumina
801 1184 888 1224 luce
914 1184 978 1224 vel
1006 1184 1106 1235 sole,
1142 1198 1195 1224 an
1223 1183 1392 1235 denique
1419 1183 1649 1234 radiataque
1676 1183 1830 1223 lumina
1856 1183 2018 1225 Phoebo
2029 1186 2065 1225 ⁴?’
2122 1186 2257 1227 Lectio
2286 1187 2425 1227 ‘caelo’

198 1247 332 1285 sensui
359 1249 560 1298 repugnat
586 1258 717 1296 neque
744 1249 880 1285 tamen
907 1245 1132 1285 Marklandi
1160 1247 1388 1286 coniectura
1415 1245 1608 1284 ‘Phoebo’
1643 1245 1850 1285 emendata
1887 1249 1957 1287 est.
2012 1247 2242 1299 Legendum
2276 1251 2426 1289 statuo:

701 1316 751 1357 ‘O
779 1318 848 1357 ubi
874 1331 1075 1369 purpureo
1103 1319 1272 1357 suffusus
1300 1318 1493 1369 sanguine
1520 1318 1667 1356 candor

701 1378 933 1431 Sidereique
961 1380 1077 1420 orbes
1103 1379 1333 1432 radiataque
1360 1379 1514 1419 lumina
1540 1379 1707 1419 ocello?'

387 1453 451 1492 Sic
479 1453 638 1504 fulgens
664 1452 852 1504 splendor
871 1452 989 1491 ocelli
1016 1453 1218 1503 aptissime
1247 1452 1491 1491 describitur.
1538 1452 1812 1503 corruptelam
1841 1453 2008 1492 ‘lumina
2035 1454 2159 1493 caelo'
2188 1468 2235 1494 ex
2262 1455 2428 1495 ‘lumina

199 1516 338 1555 ocello'
369 1514 558 1555 facillime
586 1515 757 1554 existere
784 1515 963 1566 potuisse
990 1515 1245 1554 manifestum
1275 1518 1345 1554 est.
1398 1514 1527 1554 Versu
1555 1514 1606 1554 65
1634 1514 1808 1554 eiusdem
1837 1516 2023 1555 carminis
2050 1520 2169 1566 poeta
2196 1518 2252 1557 sic
2277 1519 2426 1570 pergit:

700 1581 867 1627 ‘Obvius
894 1586 1061 1627 intranti
1089 1600 1225 1626 rursus
1253 1587 1341 1638 quis
1370 1586 1414 1626 in
1442 1600 1512 1626 ora
1538 1599 1756 1638 manusque

700 1649 888 1689 Prosiliet
915 1649 1178 1700 brevibusque
1206 1649 1392 1688 humeros
1420 1649 1678 1688 circumdabit
1705 1649 1839 1688 ulnis?

699 1711 813 1752 Muta
840 1712 998 1763 domus,
1027 1712 1170 1761 fateor,
1202 1711 1447 1763 desolatique
1475 1714 1658 1762 penates,

698 1774 752 1814 Et
776 1774 874 1814 situs
899 1775 942 1813 in
969 1774 1154 1814 thalamis
1183 1777 1223 1813 et
1249 1776 1400 1813 maesta
1427 1774 1584 1813 silentia.
1612 1774 1797 1812 mensis?

384 1856 480 1897 Non
513 1857 651 1898 dubito
687 1858 786 1909 quin
822 1870 897 1896 vox
932 1856 1090 1897 ‘fateor’
1126 1860 1312 1909 corrupta
1350 1857 1414 1896 sit.
1469 1855 1873 1908 Magnificentissimis
1912 1857 2040 1896 verbis
2075 1860 2115 1897 et
2154 1859 2294 1910 spiritu
2335 1872 2426 1899 vere

196 1921 353 1972 poetico
389 1919 540 1961 Statius
573 1921 650 1960 hoc
683 1921 772 1960 loco
808 1920 1161 1961 lamentationibus
1196 1924 1236 1959 et
1271 1919 1456 1970 querellis
1492 1919 1672 1970 indulget
1704 1923 1749 1958 ut
1784 1933 1859 1959 vox
1896 1920 2054 1959 ‘fateor'
2089 1921 2209 1960 nimis
2249 1922 2427 1961 videatur

196 1983 356 2036 frigere.
417 1981 614 2033 Equidem
657 1982 840 2033 suspicor
867 1982 911 2021 in
946 1994 1041 2021 voce
1083 1982 1241 2022 ‘fateor’
1276 1994 1423 2021 nomen
1457 1982 1587 2021 inesse
1622 1981 1723 2029 eim,
1767 1981 1816 2021 ad
1850 1994 1969 2033 quem
2003 1981 2100 2022 haec
2136 1982 2303 2034 epistola
2336 1983 2426 2024 data

196 2048 273 2095 est,
301 2048 420 2095 atque
448 2057 652 2094 propono:

247 2104 256 2112 ⁰
703 2105 870 2147 ‘Obvius
896 2106 1064 2147 intranti
1091 2120 1227 2146 rursus
1253 2107 1343 2158 quis
1370 2107 1413 2145 in
1440 2120 1510 2146 ora
1536 2119 1754 2156 manusque

702 2167 889 2207 Prosiliet
914 2168 1178 2220 brevibusque
1205 2168 1391 2208 humeros
1418 2167 1676 2207 circumdabit
1703 2167 1836 2206 ulnis?

699 2229 813 2270 Muta
839 2231 1001 2280 domus,
1030 2230 1194 2280 Melior,
1224 2230 1467 2280 desolatique
1494 2233 1658 2280 penates

700 2290 755 2331 Et
781 2291 881 2332 situs
908 2292 951 2331 in
978 2292 1166 2332 thalamis
1192 2298 1232 2332 et
1259 2293 1410 2331 maesta
1436 2291 1595 2331 silentia
1620 2291 1803 2330 mensisl’

385 2373 563 2413 Nomina
596 2374 758 2426 propria
790 2374 1023 2426 plerumque
1058 2374 1101 2414 in
1135 2374 1247 2414 libris
1282 2373 1566 2425 manuscriptis
1603 2373 1720 2413 Statii
1755 2373 1862 2413 varie
1897 2374 2042 2414 mutari
2078 2376 2118 2413 et
2144 2386 2215 2426 per
2243 2387 2283 2413 se
2310 2374 2427 2415 facile

195 2437 444 2488 intellegitur
471 2438 511 2475 et
537 2436 697 2487 probari
716 2439 850 2487 potest
868 2437 896 2475 l.
919 2436 967 2476 V.
987 2437 1024 2484 3,
1044 2437 1133 2485 209,
1162 2437 1231 2476 nbi
1259 2436 1547 2475 restituendum
1575 2448 1659 2475 esse
1686 2448 1833 2475 nomen
1860 2436 2066 2487 proprium
2086 2435 2425 2491 evidentissimum

199 2502 271 2539 est.
328 2498 526 2550 ‘Pariterz
561 2499 668 2550 quod
700 2497 960 2539 Marklandus
995 2501 1035 2538 et
1068 2501 1161 2538 ‘stat
1194 2502 1291 2550 ero’,
1326 2497 1433 2550 quod
1466 2497 1733 2537 Baehrensius
1767 2499 1975 2550 proposuit
2007 2498 2167 2549 probari
2201 2511 2282 2538 non
2309 2513 2426 2550 posse

197 2564 378 2614 apertum
398 2564 470 2602 est.
513 2561 759 2614 Praegnanti
787 2564 832 2602 ut
858 2562 915 2602 ita
942 2562 1070 2602 dicam
1099 2562 1271 2602 orationi
1298 2561 1417 2601 huius
1445 2560 1522 2601 loci
1551 2564 1591 2601 et
1617 2560 1813 2612 ellipticae
1841 2574 2063 2615 repugnare
2091 2560 2210 2601 verba
2229 2564 2324 2602 ‘stat
2340 2567 2424 2603 ero’

195 2624 365 2676 quilibet
398 2624 514 2664 facile
550 2624 710 2664 sentiet.
765 2624 895 2664 Versu
932 2625 982 2664 96
1019 2625 1195 2665 eiusdem
1229 2624 1415 2665 carminis
1443 2627 1561 2675 poeta
1595 2624 1650 2663 sic
1685 2625 1816 2676 pergit
1850 2627 1895 2663 ut
1929 2627 2050 2676 neget
2077 2625 2426 2676 consanguinitate

196 2687 282 2726 sola
309 2699 483 2725 amorem
510 2686 646 2738 gigni:

701 2747 818 2794 ‘Quid
845 2749 1013 2788 referam
1041 2749 1223 2788 altricum
1251 2749 1375 2788 victas
1404 2749 1550 2799 pietate
1577 2751 1785 2799 parentes?

700 2810 804 2856 Quid
830 2813 870 2851 te
896 2814 989 2863 post
1015 2812 1168 2851 cineres
1195 2812 1437 2863 deceptaque
1464 2810 1603 2849 funera
1630 2810 1767 2850 matris

698 2872 840 2911 Tutius
866 2872 967 2913 Inoo
994 2876 1218 2924 reptantem
1244 2876 1423 2924 pectore,
1451 2871 1635 2911 Bacche?

698 2934 783 2974 Iam
810 2945 948 2974 secura
973 2935 1098 2987 patris
1124 2935 1249 2975 tristis
1275 2933 1470 2987 regnabat
1495 2933 1539 2973 in
1565 2933 1682 2972 undis

698 2997 791 3048 Ilia,
819 3000 1044 3049 portantem
1072 2998 1244 3038 lassabat
1270 2996 1463 3036 Romulus
1491 2998 1669 3036 Accam?
