2584 3430
1186 234 1420 270 -7-

371 325 635 365 Baehrensius
675 338 747 375 pro
791 325 991 375 ‘periuria'
1033 325 1241 376 proposuit
1281 329 1366 375 ‘per
1407 326 1565 375 patria’.
1635 325 1829 375 Equidem
1869 327 1967 376 puto
2009 326 2277 365 coniecturam
2321 330 2408 378 ‘per

186 388 324 429 Sunia’
359 385 660 440 praeferendam
693 399 777 425 esse
812 388 852 425 et
883 387 1010 439 magis
1045 385 1312 426 commendari
1347 386 1498 426 ratione
1534 401 1634 439 quae
1668 390 1835 427 vocatur
1860 387 2193 439 palaeographica
2219 391 2259 427 et
2283 390 2408 429 totius

181 451 261 490 loci
287 450 497 490 sententia.
553 447 613 487 Cf.
643 448 768 486 Theb.
799 448 860 498 12,
887 448 976 501 6251.
1032 447 1192 487 Scilicet
1226 461 1273 487 eo
1308 448 1395 498 ipso
1428 448 1517 487 loco
1551 451 1670 499 poeta
1704 447 1802 487 facit
1826 447 2023 487 Theseum
2056 448 2104 487 de
2131 449 2255 500 patris
2281 453 2408 489 morte

184 514 433 563 querentem,
463 510 532 549 ubi
559 510 720 561 Aegeus
746 511 926 548 mortuus
953 513 1023 549 est.

370 572 419 610 In
445 571 471 610 1.
499 570 560 609 III
587 583 620 609 c.
648 571 689 620 4,
717 583 754 609 v.
785 571 846 618 75,
874 571 943 609 ubi
971 570 1018 609 de
1046 570 1284 609 castratione
1312 571 1463 622 agitur,
1492 570 1587 610 haec
1615 571 1657 609 in
1686 570 1796 610 codd.
1826 571 2030 623 leguntur:

1123 663 1242 703 Nunc
1269 663 1453 715 frangere
1481 677 1617 703 sexum

684 725 816 775 Atque
843 725 1047 764 hominem
1073 727 1227 764 mutare
1254 725 1390 774 nefas3
1418 725 1631 777 gavisaque
1660 726 1794 764 solos

684 785 792 832 Quos
819 787 959 838 genuit
984 790 1128 826 natura
1154 786 1273 837 videt,
1301 800 1374 826 nec
1402 788 1491 839 lege
1518 788 1680 826 sinistra

683 848 804 888 Ferre
830 849 975 888 timent
1001 849 1172 889 famulae
1200 852 1385 888 natorum
1414 850 1591 900 pondera
1616 853 1772 889 matres.

368 941 500 980 Nimis
527 942 722 981 violenter
748 942 983 992 interpretes
1011 942 1277 993 corruptelam
1306 942 1456 992 ‘solos’‚
1484 955 1583 993 quae
1610 943 1722 982 nullo
1749 945 1868 994 pacto
1896 943 2083 993 explicari
2110 945 2253 994 potest,
2282 946 2406 982 muta-

181 1006 325 1043 verunt
351 1003 395 1042 in
424 1006 571 1042 ‘totos’.
628 1002 736 1049 Quae
764 1004 991 1042 coniectura
1018 1017 1254 1055 quamquam
1282 1004 1361 1043 loci
1389 1005 1607 1043 sententiae
1634 1005 1840 1056 aptissima
1866 1007 1944 1051 est,
1974 1004 2154 1054 equidem
2182 1004 2405 1055 praeferam

182 1064 358 1113 ‘soldos’‚
395 1077 485 1104 cum
511 1064 611 1104 haec
639 1078 717 1104 vox
743 1066 907 1117 propius
935 1065 1095 1105 accedat
1122 1065 1171 1122 ad
1198 1065 1377 1105 codicum
1404 1065 1650 1118 scripturam.
1707 1065 1923 1106 Contracta
1948 1065 2078 1106 forma
2106 1066 2286 1116 ‘soldos',
2315 1080 2405 1106 cum

181 1140 254 1178 pro
288 1128 451 1178 propria
485 1127 615 1166 forma
643 1127 819 1166 ‘solidos’
852 1140 936 1166 non
969 1127 1179 1166 admodum
1214 1141 1331 1178 saepe
1365 1141 1439 1166 usu
1466 1129 1633 1178 venerit,
1667 1142 1691 1166 a
1723 1128 1977 1178 scriptoribus
2004 1128 2120 1167 facile
2148 1141 2238 1167 cum
2267 1128 2403 1167 ‘solos’

180 1188 372 1229 confundi
397 1188 541 1241 potuit.
574 1187 785 1240 Reperitur
813 1188 933 1229 etiam
957 1188 1064 1241 apud
1081 1188 1178 1229 Hor.
1208 1192 1281 1230 sat.
1305 1192 1338 1241 1,
1357 1190 1396 1239 2,
1418 1190 1503 1230 113.
1540 1190 1578 1242 2,
1601 1192 1639 1238 5,
1665 1191 1716 1230 65
1744 1193 1784 1230 et
1811 1190 1959 1241 optime
1987 1191 2173 1242 exprimit
2197 1192 2404 1231 notionem

187 1252 371 1290 adiectivi
399 1254 541 1298 ‘totus‚
569 1252 739 1302 integer'
769 1264 869 1301 quae
896 1251 974 1290 hoc
1000 1253 1088 1291 loco
1116 1252 1367 1293 desideratur.

363 1312 412 1351 In
440 1313 465 1352 l.
494 1312 553 1352 IV
580 1313 620 1362 3,
652 1312 726 1351 139
759 1315 879 1363 poeta
914 1313 1104 1364 Sibyllam
1131 1313 1380 1362 Domitiano,
1418 1316 1504 1353 viae
1533 1315 1785 1354 Domitianae
1813 1315 2026 1363 conditori,
2063 1328 2126 1353 res
2153 1315 2306 1354 futuras
2334 1315 2398 1353 his

180 1375 310 1414 verbis
339 1375 620 1414 vaticinantem
648 1373 761 1413 facit:

681 1455 831 1506 ‘Salve,
860 1457 939 1495 dux
966 1457 1175 1496 hominum
1203 1460 1243 1496 et
1268 1471 1412 1508 parens
1440 1458 1619 1505 deorum,

677 1518 885 1558 Provisum
912 1519 1012 1559 mihi
1039 1520 1323 1571 cognitumque
1351 1533 1511 1559 numen.

675 1580 761 1619 Nec
787 1581 868 1619 iam
894 1581 1077 1632 putribus
1105 1582 1262 1621 evolu‘oe.
1289 1581 1435 1621 chartis

678 1642 870 1682 Sollemni
896 1657 1013 1694 prece
1041 1644 1265 1695 quindecim
1294 1644 1468 1683 virorum

676 1705 783 1744 Audi
811 1718 930 1755 quam
960 1705 1102 1745 seriem
1129 1706 1318 1745 merentis
1346 1707 1432 1745 aevi

677 1766 919 1806 Pronecta-nt
945 1766 1018 1805 tibi
1045 1766 1233 1806 candidae
1261 1771 1444 1807 sorores.'

363 1859 447 1898 Alii
466 1859 581 1898 aliter
600 1859 734 1898 conati
753 1861 847 1898 sunt
864 1859 1005 1898 falsam
1033 1859 1244 1898 lectionem
1273 1859 1487 1899 ‘merentis’
1518 1859 1739 1910 emendare,
1767 1859 1956 1899 Heinsius
1975 1860 2183 1911 proposuit
2202 1860 2399 1900 ‘virentis’

176 1922 239 1961 vel
258 1922 472 1970 ‘rotantis’,
493 1922 691 1961 Avantius
717 1922 952 1972 ‘morantis',
972 1921 1239 1961 Baehrensius
1260 1922 1500 1972 ‘sequentisz
1531 1921 1573 1962 Si
1592 1923 1828 1961 sententiam
1848 1922 1925 1961 loci
1944 1923 2145 1973 respicias,
2165 1922 2400 1962 Baehrensii

176 1985 408 2024 coniectura
434 1986 529 2034 apta
554 1983 729 2034 videtur,
759 1997 849 2023 cum
875 1983 991 2023 notio
1020 1983 1210 2034 temporis
1237 1982 1362 2022 futuri
1388 1984 1612 2022 necessaria
1638 1984 1700 2022 sit.
1756 1983 1832 2022 Sed
1858 1984 2058 2034 quomodo
2087 1997 2136 2023 ex
2165 1984 2397 2035 ‘sequentis'

177 2045 295 2085 lectio
326 2045 542 2085 ‘merentis'
572 2047 661 2084 orta
687 2046 759 2094 sit,
787 2044 1057 2084 demonstrare
1085 2045 1150 2083 vix
1177 2046 1335 2095 poterit.
1392 2045 1621 2095 Legendum
1649 2046 1805 2084 videtur
1831 2058 1934 2084 esse:

676 2138 783 2177 Audi
810 2152 929 2189 quam
957 2138 1098 2179 seriem
1125 2138 1368 2177 imminentis
1396 2139 1484 2176 aevi

676 2198 920 2239 Pronectant
945 2199 1021 2239 tibi
1048 2199 1237 2240 candidae
1264 2212 1429 2240 sorores.

363 2293 534 2345 Propter
559 2293 838 2345 repetitionem
866 2292 1039 2333 eiusdem
1066 2293 1240 2346 syllabae
1267 2293 1596 2333 verisimillimum
1624 2296 1684 2333 est
1712 2306 1833 2333 unam
1860 2293 2119 2334 intercidisse.

362 2356 512 2401 Quarta
530 2356 668 2408 ecloga
686 2356 864 2395 continet
881 2356 1090 2407 epistolam
1108 2356 1157 2395 ad
1176 2356 1382 2396 Claudium
1401 2356 1643 2403 Marcellum,
1673 2357 1784 2395 cuius
1803 2360 1979 2395 extrema
2006 2358 2126 2396 verba
2152 2360 2245 2396 sunt
2271 2357 2369 2396 haec
2387 2371 2397 2396 z

673 2448 837 2500 Iamque
864 2450 952 2488 vale
980 2452 1020 2488 et
1045 2449 1205 2500 penitus
1232 2450 1320 2488 noti
1347 2450 1423 2488 tibi
1449 2450 1549 2488 vatis
1577 2462 1752 2488 amorem

673 2510 801 2550 Corde
829 2511 935 2550 exire
962 2513 1073 2563 veta,
1100 2524 1173 2550 nec
1201 2511 1308 2551 enim
1333 2510 1511 2550 tirintius
1538 2510 1665 2550 almae

674 2573 819 2612 Pectus
847 2573 1059 2613 amicitiae.

364 2666 601 2717 Corruptela
629 2667 834 2705 ‘tirintius'
861 2667 1051 2706 facillime
1079 2666 1280 2705 emendari
1307 2670 1439 2718 potest
1467 2669 1518 2704 ‘0’
1546 2666 1661 2704 litera
1681 2666 1827 2717 addita,
1856 2668 1890 2705 si
1917 2667 2085 2718 legimus
2113 2666 2200 2704 ‘tibi
2226 2667 2392 2717 notius',

173 2730 220 2767 ut
249 2727 394 2769 iterum
421 2729 552 2781 ample
588 2732 629 2770 et
661 2730 835 2782 graviter
868 2730 1068 2770 sententia
1100 2742 1236 2769 versus
1269 2728 1535 2769 antecedentis
1568 2731 1782 2780 repetatur.
1839 2727 1985 2769 Sensus
2018 2728 2123 2768 enim
2150 2728 2284 2768 existit
2309 2728 2393 2768 hic:

171 2789 273 2828 Vale
309 2792 350 2829 et
383 2794 497 2842 grata
530 2792 720 2830 memoria
752 2792 909 2830 include
943 2804 1117 2830 amorem
1151 2792 1251 2830 vatis
1285 2791 1442 2842 penitus
1476 2791 1549 2829 tibi
1583 2791 1694 2841 noti;
1735 2803 1865 2842 neque
1902 2791 2007 2830 enim
2039 2789 2234 2829 mehercle
2267 2790 2394 2830 ullum

171 2853 309 2902 pectus
335 2853 534 2893 notiorem
561 2854 777 2893 amicitiam
803 2856 935 2893 tecum
962 2854 1172 2894 contraxit.
1227 2854 1276 2893 In
1303 2853 1437 2893 eadem
1465 2853 1751 2892 consuetudine
1777 2853 1973 2892 amicitiae
2002 2853 2035 2891 si
2063 2853 2325 2903 permanseris
2351 2854 2394 2892 in

172 2915 335 2953 aeterna
361 2914 477 2955 laude
504 2916 740 2966 versaberis,
776 2919 966 2968 quantam
1000 2929 1074 2956 nec
1101 2915 1274 2955 Theseus
1301 2928 1374 2955 nec
1401 2914 1576 2954 Achilles
1611 2915 1745 2967 adepti
1778 2918 1883 2955 sunt.
1939 2913 2122 2954 Carmine
2155 2917 2267 2954 sexto
2300 2914 2394 2954 libri

173 2976 305 3024 quarti
332 2978 463 3017 statua
479 2977 662 3017 Herculis
690 2978 933 3030 epitrapezii,
962 2991 1063 3030 quae
1091 2981 1175 3018 erat
1190 2977 1315 3018 Nonii
1336 2975 1513 3016 Vindicis
1541 2976 1773 3017 celebratur.
1814 2978 1875 3017 Ac
1901 2977 2073 3028 primum
2094 2975 2253 3027 quidem
2273 2989 2393 3028 opera

173 3038 256 3076 arte
282 3036 399 3090 facta,
427 3040 570 3091 quibus
597 3041 823 3081 abundabat
848 3041 1005 3081 Nonius
1033 3041 1191 3081 Vindex
1218 3041 1555 3093 perstringuntur.
1613 3040 1843 3091 Sequuntur
1869 3053 2004 3079 versus
2032 3040 2096 3078 hi:
