2467 3208
940 121 1151 221 ‘'ff-
1160 112 1284 220 “izi
1287 129 1461 225 .‡{³⁶³⁷‘

802 269 804 271 ’
864 264 951 306 Nec
977 238 1085 317 quod
1110 230 1188 305 tibi
1214 263 1323 305 Setia
1348 271 1471 305 canos

562 334 591 362 “z
618 327 822 367 Restinxit
849 328 1020 377 cineres,
1047 327 1201 396 gremio
1228 339 1304 366 nec
1331 327 1506 367 lubricus
1534 339 1623 368 ossa

587 427 598 444 -,
614 387 730 437 Quod
755 388 921 430 vallavit
948 401 1067 440 onyx,
1093 388 1249 429 miseris
1275 388 1475 441 acceptius
1502 389 1653 429 umbris

614 449 744 497 Quam
770 451 955 501 gemitus.
983 450 1052 489 sed
1080 452 1121 489 et
1147 451 1233 501 ipse
1260 450 1382 489 iuvat.

298 534 395 575 Non
420 533 564 585 effugit
596 530 835 585 interpretes
869 532 991 572 verba
1018 533 1103 572 sed
1130 537 1170 571 et
1197 533 1282 584 ipse
1317 533 1442 572 iuvat’
1470 532 1582 572 nullo
1609 534 1731 573 modo
1758 535 1863 572 stare
1889 546 2019 585 posse.
2074 531 2343 573 Baehrensius

112 609 252 638 omnes
277 595 534 638 difficultates
562 594 768 645 sustulisse
795 595 873 635 sibi
899 594 1007 635 visus
1034 597 1096 635 est
1114 594 1316 635 coniciens
1335 593 1418 634 ‘sed
1445 596 1487 635 et
1511 595 1596 646 ipse
1622 596 1686 635 sat
1712 596 1800 635 est’.
1847 594 1995 636 Sensus
2013 595 2141 636 oritur
2158 595 2343 648 egregius

111 648 293 698 affinit-
317 658 449 698 fonna
474 657 766 709 interrogativa
793 657 878 696 ‘sed
905 659 946 696 et
971 657 1059 709 ipse
1085 657 1238 696 iuvatP’

300 719 463 761 Scilicet
488 734 571 761 non
597 720 719 761 iuvat.
775 719 903 766 Quam
930 719 1217 769 coniecturam,
1253 732 1354 770 quae
1381 721 1601 770 sequuntur
1627 719 1786 758 verba‘
1788 719 1887 770 quin
1913 722 2028 772 terga
2053 720 2202 771 dolori,
2227 719 2343 770 Urse,

111 781 278 823 damus?
322 780 429 829 Quid
446 782 592 822 damna
608 780 720 822 foves
739 812 750 823 .
771 811 780 821 .
801 811 810 820 .
832 812 841 821 .
867 783 909 821 et
925 780 1072 821 vulnus
1090 780 1241 821 amas?’
1271 780 1530 820 certissimam
1547 779 1732 832 reddunt,
1760 781 1997 822 confirmant
2014 781 2121 823 enim
2138 781 2180 823 id
2197 782 2342 834 ipsum,

110 845 214 885 nihil
240 846 377 883 iuvare
406 844 598 884 dolorem.
652 843 704 882 V.
723 843 776 883 65
794 856 910 894 seqq:

615 925 710 966 Non
738 940 813 978 ego
841 927 1041 965 mercatus
1068 926 1214 966 Pharia
1240 925 1287 965 de
1315 925 1420 977 pube
1446 925 1632 976 loquaces

615 987 788 1028 Delicias
814 986 1055 1039 doctumque
1082 988 1143 1027 sui
1170 986 1349 1027 convicia
1375 985 1461 1026 Nili

614 1050 816 1088 Infantem
842 1049 982 1100 lingua
1007 1050 1167 1088 simium
1194 1049 1418 1099 salibusque
1445 1052 1693 1099 protervum,

615 1109 761 1151 Dilexi.
1343 1158 1346 1161 v

302 1193 413 1239 Quae
439 1206 556 1232 versu
584 1193 636 1232 68
664 1193 887 1244 repperitur
913 1193 1139 1244 corruptela
1166 1193 1367 1240 ‘simium’‚
1396 1206 1496 1243 quae
1524 1193 1611 1232 cod.
1641 1193 1763 1245 Sang.
1800 1193 1956 1233 disertis
1983 1194 2114 1233 verbis
2140 1193 2343 1243 tribuitur,

114 1269 201 1296 eam
226 1258 343 1298 tanta
369 1255 541 1307 caligine
568 1254 752 1295 obfusam
779 1253 1050 1305 crediderunt,
1078 1257 1124 1294 ut
1144 1253 1406 1309 Baehrensius
1431 1255 1700 1295 coniecturam
1729 1255 1931 1295 inauditae
1950 1254 2138 1295 audaciae
2159 1255 2343 1295 ‘vafrum'

112 1320 156 1358 in
182 1321 337 1358 textum
363 1318 495 1369 ipsum
522 1317 698 1368 recipere
726 1330 846 1356 ausus
876 1317 939 1356 sit.

302 1378 434 1425 Quid?
475 1378 583 1433 quod
617 1378 879 1418 Marklandus
920 1378 1171 1430 corruptelae
1206 1378 1401 1430 originem
1441 1378 1540 1418 adeo
1574 1393 1658 1418 non
1692 1379 1911 1431 perspexit,
1946 1383 1992 1419 ut
2030 1380 2075 1419 in
2116 1379 2346 1419 coniectura

115 1442 312 1482 ‘nimium’
331 1440 662 1492 acquiescendum
680 1439 869 1491 putaret?
913 1439 975 1479 Ex
999 1441 1096 1491 ipsis
1124 1440 1342 1480 sententiae
1359 1440 1492 1480 nervis
1509 1440 1681 1492 petenda
1697 1440 1861 1481 medela.
1902 1441 1949 1480 Id
1966 1441 2157 1493 temporis
2175 1440 2348 1481 Romani

113 1516 289 1543 summos
315 1506 499 1556 sumptus
525 1503 569 1542 in
595 1516 740 1555 pueros
768 1502 1080 1554 Alexandrinos,
1116 1503 1185 1554 qui
1212 1516 1304 1554 prae
1332 1503 1471 1543 ceteris
1496 1503 1643 1543 salibus
1661 1504 1931 1555 nequitiisque
1950 1506 2065 1544 erant
2080 1504 2186 1553 noti,
2214 1504 2349 1556 acqui-

113 1566 258 1605 rendos
285 1565 594 1615 impendebant,
621 1564 672 1603 cf.
700 1564 998 1603 Friedlaenderi
1025 1564 1067 1602 h.
1096 1577 1148 1602 m.
1179 1564 1225 1602 R.
1253 1563 1315 1602 III
1343 1565 1406 1603 90.

301 1625 414 1666 Inter
448 1639 550 1677 quos
585 1625 781 1677 imprimis
814 1625 1061 1665 excellebant
1089 1626 1202 1676 pueri
1237 1625 1351 1665 uncis
1377 1625 1540 1665 naribus
1565 1626 1744 1677 insignes
1770 1626 2169 1678 „Stumpfniischen“,
2198 1627 2347 1678 quippe

114 1689 257 1739 quibus
284 1701 368 1728 non
402 1687 504 1727 sales
539 1687 670 1727 edocti
704 1689 745 1726 et
781 1687 991 1739 compositi
1019 1686 1135 1739 (silv.
1164 1686 1207 1725 II
1238 1689 1272 1738 1,
1301 1687 1368 1738 70)
1402 1687 1470 1726 sed
1504 1688 1696 1727 naturalis
1731 1687 1924 1740 quaedam
1957 1688 2137 1728 hilaritas
2169 1688 2348 1740 salesque

75 1762 80 1766 ”
116 1751 244 1790 innati
271 1751 562 1801 tribuerentur,
590 1750 640 1790 cf.
668 1753 852 1790 nostrum
881 1750 1213 1802 „schm’ppisches
1241 1749 1617 1801 Stumpfnasehen‘a
1673 1750 1942 1802 Cupiditatem
1969 1751 2109 1790 talium
2135 1764 2349 1802 puerorum

114 1812 460 1864 adipiscendorum
485 1812 779 1864 percrebruisse
797 1811 993 1851 Martialis
1019 1814 1138 1863 poeta
1165 1811 1321 1851 disertis
1347 1812 1478 1851 verbis
1504 1812 1683 1861 testatur,
1712 1812 1762 1852 cf.
1791 1824 1902 1864 epgr.
1928 1812 1968 1863 4,
1988 1812 2052 1863 42,
2079 1812 2149 1852 ubi
2176 1812 2245 1864 qui
2272 1812 2349 1852 sibi

116 1874 318 1913 videretur
343 1874 709 1925 praestantissimus
736 1886 837 1925 puer
862 1873 1107 1925 Aegyptium
1142 1862 1238 1913 dicit
1264 1873 1431 1912 addens:
1473 1872 1616 1912 Frons
1649 1874 1791 1913 brevis
1812 1876 1930 1944 atque
1957 1874 2099 1914 modus
2130 1874 2270 1914 leviter
2296 1873 2350 1913 sit

74 1933 77 1935 ’
116 1936 283 1975 naribus
310 1936 451 1977 uncis?
508 1934 619 1981 Quae
646 1948 737 1974 cum
765 1935 822 1973 ita
849 1935 952 1985 sint,
987 1948 1071 1974 non
1098 1934 1258 1984 dubito,
1293 1935 1390 1985 quin
1418 1934 1567 1974 Statius
1602 1935 1804 1987 scripserit
1830 1936 2017 1976 ‘simum’.
2073 1934 2206 1986 Σιμός
2232 1949 2347 1977 voca-

114 1997 255 2037 bulum
274 1997 470 2037 Graecum
496 1997 661 2037 omnino
682 1997 835 2036 abierat
861 1997 905 2035 in
923 1996 1250 2037 consuetudinem
1269 1996 1466 2036 Latinam.
1507 1996 1634 2048 Saepe
1659 1998 1757 2037 haec
1783 2011 1862 2037 vox
1887 2001 2101 2049 usurpatur
2128 1999 2175 2037 de
2201 1998 2350 2039 iocula-

113 2059 288 2106 toribus,
318 2058 369 2098 cf.
399 2058 596 2099 Graecum
624 2056 725 2110 σιμὰ
751 2060 895 2109 γελᾶν,
924 2058 1026 2109 σιμὰ
1054 2056 1241 2110 σεσηρώς
1267 2060 1477 2110 μυχθίζεις
1503 2059 1670 2099 Anthol.
1698 2060 1736 2109 5,
1765 2060 1853 2099 179.

304 2120 485 2161 Verbum
512 2122 644 2172 ipsum
673 2121 823 2172 σιμοῦν
840 2120 945 2160 nihil
972 2121 1079 2160 valet
1105 2120 1213 2160 aliud
1240 2120 1320 2160 nisi
1347 2124 1458 2160 ‘naso
1478 2121 1633 2161 adunco
1652 2121 1920 2173 suspendere’.
1967 2122 2087 2174 Apud
2103 2121 2349 2174 Hesychium

114 2183 263 2235 legitur
297 2185 484 2233 σιμοῦσι,
519 2182 765 2234 μέμφονται.
821 2182 1027 2222 Gloriatur
1063 2182 1188 2235 igitur
1223 2182 1300 2221 hoc
1333 2182 1422 2222 loco
1456 2181 1607 2222 Statius
1638 2197 1806 2244 puerum
1839 2184 1916 2223 sibi
1950 2184 2073 2224 fuisse
2099 2185 2349 2229 naturalibus

116 2246 265 2285 salibus
298 2244 519 2297 insignem,
560 2258 644 2285 non
679 2257 772 2284 eum
805 2245 875 2295 qui
909 2244 1073 2283 edoctus
1107 2246 1210 2283 esset
1245 2243 1346 2283 sales
1381 2244 1621 2295 compositos
1656 2245 1707 2284 ab
1734 2246 1937 2297 Aegyptio
1972 2245 2146 2296 quodam
2180 2246 2348 2286 inustos.

116 2305 244 2354 Quam
270 2306 438 2348 eandem
462 2307 748 2359 proprietatem
766 2306 901 2345 laudat
919 2305 1070 2346 Statius
1088 2305 1137 2345 de
1157 2319 1282 2357 puero
1309 2305 1476 2345 delicato
1495 2306 1629 2345 Atedii
1647 2306 1838 2358 Melioris,
1865 2307 1915 2346 cf.
1937 2306 2095 2347 811ν.Π
2115 2310 2150 2358 l,
2172 2308 2223 2349 72
2235 2321 2344 2361 seqq.

304 2367 491 2408 Ceterum
518 2368 663 2408 collato
691 2367 887 2408 Martialis
915 2368 1115 2419 exemplo,
1142 2367 1300 2419 prolata
1319 2367 1593 2407 emendatione
1612 2368 1877 2420 corruptelam
1895 2368 2091 2409 sublatam
2110 2382 2194 2409 esse
2212 2382 2343 2421 spero

114 2430 347 2483 Legendum
373 2430 500 2482 igitur
526 2430 582 2470 sic

591 2461 713 2542 ‘Non
740 2513 815 2553 ego
843 2504 1038 2540 mercatus
1065 2501 1212 2540 Pharia
1239 2501 1287 2539 de
1313 2501 1417 2552 pube
1444 2502 1628 2553 loquaces

620 2564 794 2604 Delicias
824 2564 1063 2614 doctumque
1090 2563 1152 2602 sui
1179 2562 1363 2602 convicia
1387 2561 1472 2602 Nili

618 2620 822 2726 I'IJnfantem
850 2626 1007 2678 lingua,
1036 2626 1179 2665 simum
1206 2625 1433 2675 salibusque
1461 2629 1690 2676 protervum

658 2688 763 2728 ilexi.
