2715 3438
1310 191 1546 231 -8-

809 285 919 326 Haec
945 286 1051 325 inter
1077 287 1208 325 castae
1235 284 1377 337 genius
1403 283 1609 335 tutelaque
1635 297 1795 324 mensae

812 347 1192 400 Amphitryoniades
1218 347 1346 386 multo
1373 358 1464 385 mea
1488 346 1595 397 cepit
1620 358 1756 386 amore

811 410 982 450 Pectora
1007 422 1081 448 nec
1107 409 1229 461 longo
1257 408 1417 448 satiavit
1443 408 1597 447 lumina
1622 408 1729 459 visu3

811 472 964 513 Tantus
991 472 1121 512 honos
1148 471 1259 522 operi
1285 470 1463 522 finesque
1491 469 1645 510 inclusa
1670 482 1742 522 per
1768 467 1878 521 artus

812 533 1019 575 Maiestas!

500 609 730 648 Lectionem
766 609 971 658 ‘finesque’
1008 607 1119 646 nullo
1155 606 1274 646 modo
1309 606 1405 645 ferri
1439 619 1555 657 posse
1589 606 1717 657 quivis
1746 605 1948 645 concedet.
2002 606 2245 660 Diligentius
2273 608 2379 646 enim
2405 607 2537 649 locum

313 672 488 712 intuenti
523 671 731 723 apparebit
764 684 854 710 cum
886 683 964 709 vox
1002 672 1153 720 ‘artus’,
1189 682 1289 721 quae
1323 682 1401 708 vox
1434 668 1513 708 hoc
1545 667 1634 708 loco
1668 668 1788 720 plane
1822 671 1883 709 est
1916 670 2156 720 necessaria,
2196 684 2285 709 cum
2319 673 2540 710 ceterorum

313 734 490 774 omnium
519 733 648 784 codd.,
685 735 771 773 tum
799 731 973 784 Sangall.
1002 731 1238 771 auctoritate
1266 730 1444 770 firmetur
1476 730 1555 769 nisi
1585 730 1627 769 in
1656 743 1751 770 voce
1779 731 1987 783 ‘finesque'
2018 731 2281 784 corruptelam
2308 731 2430 772 latere
2457 745 2540 772 non

312 809 442 847 posse.
495 795 696 846 Equidem
724 794 918 834 coniciam
946 794 1233 844 ‘iuvenesque’.
1287 792 1517 845 Legendum
1544 793 1668 844 igitur
1694 793 1817 832 duco:

814 866 966 906 Tantus
993 866 1123 906 honos
1151 865 1264 917 operi
1291 865 1530 916 iuvenesque
1558 864 1711 904 inclusa
1737 878 1809 916 per
1835 869 1945 905 artus

814 927 1019 966 Maiestas!

501 1010 589 1057 Qua
622 1011 852 1050 coniectura
891 1012 1050 1061 recepta
1085 1010 1286 1061 oppositio
1329 1010 1455 1049 oritur
1490 1009 1661 1061 egregia.
1728 1007 1836 1054 Quae
1871 1009 1977 1047 enim
2012 1024 2092 1049 una
2126 1012 2318 1050 senectuti
2353 1011 2542 1050 tribuitur

312 1074 517 1126 maiestas,
553 1072 702 1113 etenim
729 1071 877 1114 ‘infusa
904 1075 1085 1113 senectae
1112 1071 1313 1112 maiestas'
1348 1072 1457 1125 (Val.
1487 1071 1614 1112 Flacc.
1643 1070 1701 1112 IV
1728 1070 1834 1122 552),
1868 1071 2005 1112 eadem
2039 1073 2272 1113 cernebatur
2305 1073 2347 1113 in
2380 1073 2541 1113 artubus

312 1136 497 1175 Herculis
525 1135 693 1174 iuvenis.

501 1195 862 1249 palaeographicae
880 1199 1013 1237 autem
1034 1195 1388 1237 verisimilitudinis
1407 1195 1439 1236 si
1460 1196 1616 1247 quaeris
1643 1195 1831 1246 rationes,
1859 1208 1946 1235 cum
1974 1197 2064 1246 post
2091 1208 2229 1236 vocem
2258 1197 2398 1248 ‘operi’
2426 1196 2542 1236 litera

314 1261 358 1299 ‘i'
388 1259 578 1299 facillime
606 1259 842 1298 intercidere
869 1259 1064 1310 potuerit,
1091 1258 1198 1298 haud
1225 1272 1365 1310 parvas
1392 1271 1476 1297 esse
1504 1258 1700 1299 existimo.

316 1331 377 1372 IV
407 1331 443 1383 9,
471 1332 523 1371 23
552 1344 645 1383 sqq:
1076 1329 1212 1382 Usque
1240 1331 1390 1370 adeone
1418 1329 1630 1369 defuerunt

817 1393 951 1432 Caesis
977 1393 1099 1443 pillea
1126 1394 1229 1431 sicca
1257 1392 1304 1431 de
1333 1393 1500 1431 lacernis

817 1454 894 1495 Vel
921 1455 1112 1494 mantelia
1138 1455 1339 1494 luridaeve
1366 1453 1561 1505 mappae?
1591 1486 1599 1495 .
1624 1486 1631 1493 .
1653 1485 1663 1495 .

506 1538 675 1590 Scripsit
707 1537 783 1578 hoc
818 1538 993 1578 carmine
1028 1537 1178 1579 Statius
1211 1537 1561 1589 hendecasyllabos
1593 1537 1747 1577 iocosos
1782 1536 1830 1577 ad
1865 1536 2041 1577 Plotium
2070 1537 2260 1589 Grypum.
2315 1538 2353 1578 Is
2387 1538 2547 1578 maioris

314 1601 462 1653 gradus
500 1601 656 1639 iuvenis
691 1600 759 1652 (cf.
796 1599 890 1639 Silv.
926 1600 1052 1651 praef.
1088 1599 1185 1650 IV),
1220 1599 1443 1651 praefectus
1478 1612 1660 1638 annonae
1695 1601 1735 1638 et
1768 1599 1983 1639 stationum
2017 1600 2089 1639 sub
2125 1600 2292 1651 imperio
2328 1599 2547 1640 Domitiani

316 1676 406 1702 cum
442 1677 466 1702 a
501 1662 629 1702 Statio
664 1662 839 1713 pretioso
876 1662 979 1700 libro
1016 1665 1118 1701 esset
1152 1662 1341 1712 donatus,
1383 1661 1556 1700 debitam
1598 1661 1767 1713 gratiam
1801 1661 1971 1701 reddidit
2008 1662 2065 1701 ita
2100 1665 2146 1701 ut
2180 1662 2307 1701 eidem
2341 1663 2546 1711 remiserit,

316 1725 447 1764 ‘Bruti
475 1725 581 1764 senis
610 1725 892 1774 oscitationes',
927 1724 1063 1774 quales
1091 1727 1161 1763 aut
1188 1724 1304 1763 olivis
1331 1723 1494 1763 madent
1520 1725 1590 1762 aut
1621 1727 1686 1762 tus
1714 1722 1913 1762 Niliacum
1941 1726 1982 1762 et
2008 1725 2122 1775 piper
2157 1727 2316 1763 servant
2342 1726 2412 1763 aut
2439 1724 2548 1763 olent

319 1786 587 1838 Byzantiacos
621 1786 803 1825 lacertos.
853 1785 903 1825 V.
940 1786 993 1825 24
1025 1786 1216 1825 lectiones
1249 1786 1402 1825 ‘caesis’
1439 1788 1480 1824 et
1514 1785 1644 1824 ‘sicca’
1689 1787 1896 1835 corruptas
1936 1795 2020 1825 esse
2054 1799 2172 1825 nemo
2208 1788 2267 1825 est
2303 1786 2400 1836 quin
2431 1786 2547 1825 facile

316 1849 541 1900 perspiciat.
584 1848 717 1899 Atque
744 1847 933 1886 Heinsius
961 1847 1122 1899 quidem
1148 1848 1191 1885 in
1219 1846 1445 1898 corruptela
1472 1846 1623 1885 ‘caesis'
1644 1846 1801 1884 ‘scissis'
1831 1846 2043 1886 lectionem
2071 1847 2193 1886 latere
2220 1848 2442 1899 suspicatus
2469 1850 2548 1898 est3

319 1923 421 1962 quae
449 1911 678 1951 coniectura
703 1910 1039 1962 palaeographiae
1067 1910 1100 1949 si
1129 1912 1283 1960 spectas
1308 1909 1702 1949 commendationem·
1719 1922 1862 1959 parum
1889 1909 2044 1948 videtur
2071 1909 2217 1949 habere
2243 1910 2548 1961 probabilitatis.

316 1972 366 2011 In
393 1972 619 2024 corruptela
647 1972 814 2011 ‘caesis’.
856 1972 955 2011 latet
981 1972 1066 2011 sine
1094 1971 1212 2011 dubio
1242 1972 1400 2013 ‘cassis’.
1448 1971 1619 2020 Similia,
1648 1973 1693 2010 ut
1719 1974 1846 2011 ‘cassa
1873 1971 2014 2023 glans’,
2051 1975 2220 2012 ‘cassum
2254 1975 2437 2023 granum’
2474 1974 2547 2011 etc.

319 2034 516 2075 addidisse
552 2035 647 2074 satis
682 2034 823 2075 habeo.
880 2033 941 2075 Cf.
982 2033 1061 2074 Cic.
1097 2033 1210 2073 Tusc.
1242 2033 1301 2073 lv
1328 2034 1392 2084 41,
1424 2033 1511 2072 119.
1565 2032 1688 2071 Adice
1725 2033 1831 2084 quod
1865 2033 1940 2072 hac
1973 2035 2201 2073 coniectura
2234 2035 2420 2073 inanitati
2454 2034 2550 2074 doni

318 2096 504 2138 iocularis
538 2110 623 2137 non
656 2096 770 2137 flocci
812 2096 983 2137 faciendi
1026 2097 1175 2148 optime
1210 2099 1271 2137 est
1304 2096 1543 2137 consultum.
1599 2095 1707 2142 Quae
1742 2096 1879 2136 eadem
1914 2097 2070 2136 iocandi
2103 2098 2216 2137 notio
2249 2097 2291 2136 in
2327 2097 2551 2148 corruptela

319 2160 451 2199 ‘sicca'
479 2173 568 2199 cum
595 2159 820 2199 necessario
848 2158 1112 2208 desideretur,
1141 2159 1409 2198 coniecturam
1437 2157 1594 2198 Heinsii
1623 2161 1738 2198 ‘suta’
1767 2160 2028 2211 proponentis
2047 2160 2335 2211 reprobandam
2360 2160 2550 2199 duxerim.

317 2221 437 2261 Haud
464 2222 545 2261 scio
574 2235 625 2261 an
653 2221 866 2273 legendum
894 2222 946 2260 sit
976 2223 1126 2262 ‘secta’.
1176 2220 1337 2260 Etenim
1364 2220 1607 2260 iocosissime
1634 2221 1753 2272 fingit
1777 2220 1929 2260 Statius
1957 2224 2168 2260 centonem
2195 2222 2376 2260 lacernae
2402 2222 2550 2260 nullius

320 2283 440 2336 pretii
467 2282 543 2323 sibi
572 2282 696 2323 videri
721 2283 1053 2335 praestantiorem
1080 2282 1151 2323 illo
1178 2282 1294 2324 Bruti
1321 2283 1424 2323 libro
1452 2285 1597 2334 empto,
1625 2283 1714 2334 plus
1742 2283 1873 2323 minus
1900 2297 1985 2324 asse
2005 2283 2167 2334 Gaiano,
2196 2283 2244 2323 de
2272 2297 2391 2334 capsa
2417 2284 2551 2324 miseri

319 2345 556 2385 libellionis:
584 2345 722 2398 Pergit
748 2347 868 2396 poeta
895 2345 937 2384 in
966 2345 1235 2384 enumeranda
1262 2345 1503 2384 abiectarum
1529 2358 1662 2384 rerum
1688 2345 1789 2385 serie
1817 2358 2005 2397 quaerere
2034 2345 2164 2385 iocose
2192 2358 2227 2384 v.
2256 2345 2327 2385 302

1077 2427 1176 2467 ‘Nec
1204 2441 1282 2467 ova
1306 2430 1463 2467 tantum

822 2488 908 2529 Nec
934 2490 1043 2529 lenes
1071 2489 1222 2530 halicae
1249 2503 1323 2530 nec
1351 2502 1534 2540 asperum
1562 2489 1623 2528 far
1632 2488 1666 2528 ‘?'

509 2571 569 2610 De
589 2571 782 2611 vocabulo
798 2574 983 2610 ‘tantum’
1001 2572 1105 2624 quod
1126 2586 1149 2610 a
1169 2586 1351 2611 sermone
1362 2571 1479 2610 huius
1497 2571 1575 2610 loci
1588 2572 1720 2612 iocoso
1733 2574 1927 2612 absonum
1941 2575 2001 2611 est
2016 2572 2200 2612 dubitant
2216 2574 2289 2612 viri
2304 2573 2422 2612 docti.
2457 2574 2554 2612 Tur-

319 2633 447 2674 nebus
467 2636 583 2674 ‘tota'
604 2633 826 2686 proposuit,
855 2633 1122 2675 Baehrensius
1147 2634 1321 2675 ‘saltimn
1367 2633 1496 2675 Nobis
1514 2634 1741 2676 coniectura
1759 2634 1947 2676 ‘tandem’
1967 2635 2261 2687 probabilitatis
2279 2637 2384 2676 certe
2402 2635 2553 2687 aliquid

319 2697 467 2737 habere
485 2696 654 2747 videtur,
673 2710 794 2748 quam
812 2697 972 2748 quidem
991 2699 1327 2747 commendamus,
1347 2697 1441 2736 dum
1459 2697 1625 2737 meliora
1637 2698 1687 2737 ab
1701 2699 1790 2738 aliis
1805 2698 2048 2738 edoceamur.
2078 2697 2311 2738 Baehrensii
2329 2699 2554 2738 coniectura

319 2759 441 2800 nimis
453 2773 477 2799 a
490 2759 824 2813 palaeographiae
837 2760 991 2812 legibus
1004 2760 1203 2801 abhorret.
1239 2760 1431 2800 Venimus
1445 2761 1525 2799 iam
1538 2761 1587 2799 ad
1603 2761 1869 2801 emendandos
1887 2761 1980 2800 libri
1999 2761 2048 2800 V.
2067 2761 2177 2801 locos
2194 2761 2422 2809 nonnullos,
2441 2764 2554 2801 tanta

318 2821 496 2861 medelae
513 2822 760 2861 adhibendae
781 2822 1015 2861 difficultate
1036 2824 1227 2876 insignes,
1255 2826 1299 2862 ut
1325 2823 1373 2862 de
1399 2822 1582 2873 plurimis
1611 2823 1770 2875 quidem
1791 2822 2133 2862 emendationibus
2154 2822 2273 2863 hodie
2295 2836 2451 2876 quoque
2480 2823 2553 2863 sub

321 2884 450 2924 iudice
468 2884 518 2924 lis
536 2885 602 2924 sit.
631 2884 746 2931 Quod
765 2885 873 2924 enim
891 2885 938 2924 de
958 2886 1098 2925 ceteris
1118 2885 1236 2926 Statii
1253 2886 1366 2925 libris
1385 2885 1500 2936 valet,
1520 2887 1564 2924 ut
1575 2886 1757 2936 plurimis
1771 2886 1884 2924 codd.
1900 2885 2099 2924 erroribus
2121 2886 2320 2936 inquinati
2340 2887 2433 2935 sint,
2451 2885 2555 2924 idem

320 2945 428 2985 valet
441 2946 489 2984 de
503 2945 607 2987 libro
623 2947 763 3000 quinto
778 2946 906 2988 multo
921 2946 1061 3000 magis.
1091 2946 1267 2988 Primum
1291 2960 1449 2988 carmen
1470 2947 1649 2989 continet
1662 2947 1882 2999 epicedium
1900 2948 1947 2988 ad
1967 2960 2130 2988 uxorem
2145 2947 2380 2988 Priscillam.
2411 2947 2555 2988 Poetae

321 3008 478 3047 animus
506 3008 677 3048 afflictus
711 3011 831 3061 atque
866 3009 1003 3048 dolore
1039 3009 1181 3048 ardens
1217 3023 1336 3062 quem
1370 3010 1407 3048 ei
1440 3009 1735 3049 acerbissimum
1770 3011 1967 3050 inusserat
2001 3011 2182 3063 coniugis
2209 3015 2316 3050 mors
2343 3010 2554 3049 immaturo
