2715 3438
1222 233 1478 273 -10-

233 332 497 372 Germanicus
515 331 675 381 Caesar,
705 343 821 382 quem
840 329 1000 381 quidem
1019 330 1177 368 constat
1193 329 1342 367 Aratea
1361 326 1595 378 condidisse,
1623 326 1704 376 aut,
1731 324 1839 376 quod
1855 325 2110 368 verisimilius
2126 329 2197 375 est,
2223 328 2315 377 ipse>
2326 326 2465 369 Domi·

231 396 379 436 timus.
434 394 541 436 Eum
573 394 682 434 enim
715 392 928 433 admodum
955 391 1139 432 iuvenem
1166 390 1209 430 in
1237 389 1368 430 studia
1403 389 1561 440 poetica
1593 390 1650 428 ita
1683 388 1907 429 incubuisse
1934 386 2110 439 constat,
2137 393 2191 430 :ut
2217 392 2260 430 et
2282 390 2465 437 Quincti-

231 457 365 497 lianus
391 456 444 496 cf.
483 454 542 497 XI
576 455 625 495 91
661 456 701 494 et
728 453 850 495 Silius
884 452 1019 494 laudes
1053 449 1165 505 αὐτῷ
1200 454 1259 504 τῷ
1291 450 1467 504 θυλάκῳ
1505 451 1551 491 in
1582 463 1673 490 eum
1707 451 1993 502 congesserint.
2048 451 2151 492 Uno'
2168 453 2298 493 verbo:
2312 454 2462 495 -mone'o

232 519 315 559 illis
350 518 595 570 temporibus
628 516 723 556 huic
759 516 897 567 generi
924 515 1055 566 poesis
1089 514 1284 565 imprimis
1317 514 1557 553 Arateorum
1591 515 1631 551 et
1666 511 1856 552 similium
1888 515 2042 553 tantam
2070 515 2282 565 ‘plurimos
2300 529 2462 567 operam

233 579 486 632 impendm,
514 581 559 619 ut
577 581 697 619 etiam
725 590 796 631 per
822 577 977 618 scholas
1004 577 1126 629 longe
1151 576 1307 628 lateque
1333 576 1488 627 pateret
1514 577 1555 614 et
1580 576 1827 614 tractaretur.
1874 573 1983 621 Quae
2010 588 2100 616 cum
2127 576 2184 616 ita
2209 578 2301 629 sint,
2328 578 2464 618 verisi-

233 642 446 681 millimum
465 644 526 680 est
542 642 674 691 ipsum
693 639 980 687 Domitianum,
1010 639 1078 689 qui
1096 639 1251 677 iuvenis
1269 639 1453 688 poemata
1471 636 1659 676 conderet
1678 635 1834 675 diversa
1851 636 2099 688 multumque
2117 638 2288 689 laudata,
2313 641 2464 679 Aratea

234 703 516 754 composuisse.
571 701 631 741 De
666 702 805 741 ceteris
839 700 1083 753 argumentis
1118 712 1225 739 nunc
1259 712 1343 739 non
1370 699 1481 739 lubet
1507 710 1715 749 quaerere,
1752 710 1853 749 quae
1887 698 2047 749 quidem
2081 696 2188 738 ἑκών
2223 698 2391 740 ἀέκοντί
2414 715 2461 751 γε

232 767 357 816 θυμῷ
393 764 547 804 omitto.
595 762 781 803 Ceterum
814 761 878 812 cf„
914 763 947 801 si
979 762 1082 801 tanti
1109 764 1179 811 est,
1209 759 1442 812 Bernhardy
1469 760 1560 800 hist.
1590 758 1667 799 litt.
1694 758 1741 798 R.
1761 773 1800 811 p.
1820 759 1910 808 225,
1939 761 2008 812 qui
2035 762 2172 813 gravia
2198 761 2314 803 huius
2343 777 2459 815 quae-

233 827 374 866 stionis
401 827 444 865 in
472 839 635 865 censum
662 825 821 865 vocavit
847 827 1092 876 argumenta.
1148 823 1251 863 Utut
1278 826 1338 862 est
1363 826 1432 862 aut
1450 822 1723 863 Domitianum
1751 825 1820 862 aut
1838 821 2046 862 Caesarem
2074 824 2353 864 Germanicum
2382 826 2459 865 hoc

233 902 348 928 versu
377 887 549 928 Statium
577 887 818 939 significasse
852 900 925 938 pro
954 886 1159 938 explorato
1188 885 1335 930 habeo,
1370 884 1601 937 praesertim
1636 897 1725 924 cum
1753 883 1902 933 Statius
1935 887 2054 936 poeta
2089 886 2281 937 imprimis
2309 888 2458 927 aulicus

234 951 453 990 sexcenties
480 949 712 1001 imperatori
740 949 902 989 deorum
930 949 1104 989 honores
1130 948 1313 988 tribuerit
1330 960 1595 1000 magnamque
1614 946 1839 986 adulatione
1867 947 1972 1017 apud
1991 947 2266 989 Domitianum
2286 950 2459 1001 gratiam

230 1012 378 1051 inierit.
442 1011 492 1050 In
527 1010 700 1050 eiusdem
737 1011 921 1050 carminis
948 1024 984 1049 v.
1015 1010 1066 1049 63
1101 1012 1220 1061 poeta
1257 1009 1391 1049 dolore
1426 1008 1671 1048 exanimatus
1705 1009 1913 1060 profitetur
1947 1009 1991 1048 in
2018 1009 2121 1050 orco
2148 1011 2235 1050 fore
2263 1014 2307 1050 ut
2333 1013 2460 1083 possit

230 1075 363 1125 poesis
392 1073 621 1124 eloquentia
647 1073 805 1112 flectere
833 1072 1047 1112 Cerberum
1075 1075 1305 1123 patremque
1333 1073 1382 1111 ab
1410 1071 1548 1110 inferis
1576 1071 1756 1110 excitare.
1812 1071 1965 1110 Deinde
1992 1073 2144 1123 pergit:
2195 1078 2197 1080 ’

738 1157 870 1206 Atque
898 1155 955 1194 ibi
982 1168 1045 1194 me
1073 1168 1282 1205 moresque
1309 1156 1399 1193 tuos
1427 1157 1468 1194 et
1494 1154 1600 1193 facta
1627 1155 1832 1193 canentem

734 1216 833 1258 Fors
861 1220 901 1257 et
926 1216 1183 1269 magniloquo
1211 1229 1295 1256 non
1322 1216 1617 1267 posthabuisset
1643 1215 1831 1262 Homero,

720 1279 933 1332 ‘Tenderet
960 1282 999 1317 et
1025 1282 1141 1316 torvo
1170 1279 1297 1329 pietas
1324 1291 1492 1328 aequare
1521 1277 1691 1315 Maroni.

419 1363 553 1401 Lectio
583 1364 728 1400 ‘torvo'
758 1375 846 1400 cum
865 1361 1024 1400 Maroni
1052 1361 1216 1400 omnino
1244 1374 1327 1399 non
1346 1361 1568 1409 conveniat,
1593 1360 1840 1409 corruptelae
1866 1362 2004 1397 notam
2023 1360 2195 1411 effugere
2214 1371 2296 1400 no'n
2315 1366 2457 1413 potest.

230 1423 509 1463 Marklandum
537 1415 670 1462 autem
689 1423 917 1462 coniectura
937 1422 1084 1461 ‘docto’
1106 1423 1319 1473 depravato
1338 1421 1426 1461 loco
1447 1421 1614 1460 salutem
1633 1420 1811 1460 attulisse
1832 1421 1995 1460 omnino
2022 1422 2264 1472 negaverim.
2303 1422 2458 1475 Quique

231 1486 398 1525 eandem
426 1485 469 1524 in
496 1487 649 1524 textum
677 1485 746 1536 qui
765 1487 930 1525 vocatur
948 1487 1185 1536 receperunt
1202 1484 1448 1535 interpretes,
1476 1484 1505 1522 ii
1524 1496 1696 1535 quanam
1722 1483 1859 1523 critica
1885 1483 1973 1535 lege
1995 1484 2242 1535 corruptelae
2262 1485 2456 1537 originem

231 1547 427 1596 explicare
454 1546 612 1596 possint
646 1546 792 1585 certior
825 1546 953 1584 factus
988 1560 1071 1585 esse
1099 1546 1230 1584 velim.
1287 1545 1523 1584 Coniectura
1551 1545 1696 1583 ‘docto'
1731 1548 1835 1582 stare
1863 1546 2026 1583 omnino
2054 1546 2205 1595 nequit.
2241 1544 2458 1586 vMedelam

230 1608 309 1647 nisi
337 1621 385 1647 ex
413 1607 510 1660 ipsis
537 1607 754 1648 visceribus
782 1620 923 1647 causae
951 1607 1191 1660 quaesiveris
1219 1609 1259 1647 et
1286 1620 1334 1647 ex
1360 1606 1579 1647 sententiae
1606 1606 1784 1654 cardine,
1817 1618 1900 1646 non
1927 1605 2120 1646 invenies.
2177 1605 2323 1648 Sensus
2350 1608 2460 1663 flagi-

230 1674 338 1710 tatur
367 1671 452 1710 hic:
488 1671 621 1709 Pietas
650 1683 746 1722 erga
772 1674 926 1721 patrem
953 1672 1093 1721 efficit,
1121 1675 1165 1709 ut
1192 1674 1251 1721 et,
1280 1671 1347 1721 qui
1374 1671 1586 1709 verborum
1615 1673 1654 1708 et
1681 1670 1965 1708 sententiarum
1991 1670 2234 1720 ponderibus
2262 1672 2458 1722 utebatur,

230 1732 542 1785 grandiloquum
557 1731 779 1772 Homerum
796 1735 836 1772 et
849 1732 1055 1773 Maronem
1073 1733 1239 1784 politius
1253 1733 1432 1772 limatum
1445 1745 1643 1783 assequar.
1663 1731 1756 1771 Non
1772 1734 1831 1771 est
1845 1745 1916 1771 cur
1929 1744 2050 1784 neges
2059 1730 2231 1772 Statium
2247 1734 2458 1785 scripsisse:

732 1806 866 1857 Atque
894 1805 950 1845 ibi
978 1819 1041 1844 me
1068 1818 1278 1857 moresque
1304 1807 1396 1845 tuos
1424 1806 1464 1843 et
1490 1803 1596 1844 facta
1624 1806 1830 1843 canentem

731 1868 830 1907 Fors
858 1871 899 1907 et
924 1868 1183 1919 magniloquo
1211 1881 1295 1906 non
1321 1866 1617 1918 posthabuisset
1642 1866 1842 1916 Homero,

731 1929 928 1969 Tenderet
955 1932 995 1968 et
1021 1933 1140 1969 torno
1167 1930 1294 1980 pietas
1320 1942 1487 1979 aequare
1514 1929 1682 1968 Maroni.

417 2001 477 2040 De
497 2014 590 2040 voce
609 2003 795 2051 ‘tomus',
816 2014 915 2052 quae
935 2002 982 2040 de
1001 2002 1176 2041 versibus
1195 2000 1462 2053 perpoliendis
1480 2003 1712 2051 usurpatur,
1741 2000 1791 2040 cf.
1811 1999 1930 2051 Prop.
1950 2001 1988 2050 2,
2008 2001 2073 2051 34,
2092 2001 2165 2040 43:
2196 2000 2345 2053 ‘Incipe
2378 2004 2457 2042 iam

229 2066 398 2113 angusto
427 2075 563 2101 versus
581 2063 783 2101 includere
802 2066 949 2102 torno.'
986 2064 1102 2102 Auct.
1130 2076 1274 2114 paneg.
1303 2062 1353 2101 ad
1379 2062 1458 2101 Pis.
1480 2062 1551 2102 83:
1580 2062 1754 2101 Advolat
1783 2074 1948 2101 excusso
1966 2062 2082 2100 velox
2100 2064 2299 2102 sententia
2326 2067 2456 2106 torno.

228 2135 266 2174 V
285 2135 323 2185 3,
343 2135 421 2174 209
435 2147 557 2186 seqq:
731 2134 797 2174 Me
826 2148 983 2186 quoque
1010 2135 1166 2175 vocales
1194 2135 1305 2175 lucos
1332 2135 1522 2186 inotaque
1550 2133 1697 2185 Tempe

732 2195 979 2245 Pulsantem,
1009 2209 1098 2236 cum
1126 2197 1251 2248 stirpe
1278 2201 1349 2236 tua
1376 2194 1609 2235 descendere
1638 2194 1741 2246 dixi,

729 2257 937 2297 Admisere
965 2259 1072 2297 deae.

417 2329 494 2369 Hic
529 2330 639 2369 locus
672 2330 956 2381 interpretibus
990 2333 1072 2370 tam
1109 2330 1344 2382 depravatus
1380 2332 1441 2369 est
1474 2330 1601 2378 visus,
1643 2332 1689 2369 ut
1722 2329 1770 2369 de
1803 2329 1957 2369 medela
1992 2329 2156 2369 omnino
2195 2329 2455 2381 desperarint.

225 2392 355 2432 Nemo
384 2391 515 2431 adhuc
545 2392 705 2431 sustulit
728 2393 1005 2444 corruptelam.
1051 2392 1158 2432 Nam
1186 2392 1293 2444 quod
1311 2392 1512 2431 Domitius
1540 2394 1580 2431 et
1599 2391 1864 2431 Baehrensius
1891 2404 1934 2431 re
1962 2404 2103 2443 parum
2132 2391 2345 2444 diligenter
2371 2406 2457 2444 per-

225 2468 350 2506 pensa
377 2455 478 2493 alter
516 2453 789 2505 ‘lustrataque’
829 2454 930 2494 alter
957 2454 1218 2506 ‘Boeotaque’
1253 2457 1564 2505 proposuerunt,
1595 2455 1663 2504 qui
1691 2456 1816 2493 artem
1844 2454 2020 2493 criticam
2048 2455 2283 2504 exercuerit,
2312 2455 2456 2506 impro-

226 2517 348 2556 babit.
395 2518 451 2555 At
476 2515 645 2565 videbis,
674 2516 707 2554 si
726 2516 786 2555 dis
812 2517 961 2567 placet,
991 2517 1193 2556 lenissima
1211 2516 1364 2555 medela
1381 2516 1646 2567 corruptelam
1665 2529 1779 2567 posse
1798 2516 1942 2555 sanari.
1990 2514 2104 2562 Quod
2123 2529 2175 2555 ne
2194 2515 2457 2556 confidentius

227 2578 371 2617 dixisse
400 2577 537 2616 videar
565 2591 684 2628 quam
711 2578 862 2627 verius,
890 2578 1163 2618 contenderim
1190 2578 1362 2618 Statium
1390 2578 1608 2628 scripsisse:

728 2648 793 2688 Me
822 2662 979 2703 quoque
1009 2650 1162 2689 vocales
1190 2649 1301 2689 lucos
1329 2648 1505 2700 Inoaque
1532 2648 1679 2701 Tempe

728 2713 959 2750 Pulsantem
988 2741 997 2750 .
1027 2741 1036 2750 .
1068 2745 1076 2754 .
1106 2741 1115 2751 .
1144 2713 1335 2751 admisere
1364 2712 1473 2749 deae.

415 2783 524 2829 Quae
554 2798 643 2823 cum
670 2784 897 2823 coniectura
923 2787 1060 2834 aperta
1086 2786 1138 2822 sit
1166 2785 1375 2830 correctio,
1404 2785 1453 2822 ab
1482 2784 1670 2834 exemplis
1698 2798 1761 2823 me
1789 2786 1988 2824 contineo.

227 2854 262 2894 V
288 2855 327 2906 4,
348 2855 370 2895 7
390 2869 479 2907 sqq:
729 2853 910 2957 §gtima
936 2855 1016 2896 iam
1043 2854 1200 2956 redidens
1226 2854 1388 2957 ghpgbe
1406 2853 1703 2955 glihli'respoest
1728 2869 1872 2957 aegrast

727 2929 1016 3030 Lassssffiassz
1038 2919 1204 3019 {233²
1217 2928 1378 3019 1203&ssss
1402 2928 1781 3029 Titioffaqssessffi
1803 2930 1852 2957 ‘³¹²

656 3090 664 3099 ·
727 3040 924 3082 Praeterit
951 3044 991 3083 et
1017 3041 1147 3094 gelido
1175 3041 1327 3096 spargit
1352 3040 1539 3084 miserata
1567 3040 1738 3096 flagello.
