2584 3430
1127 218 1359 258 -9-

132 314 216 354 fato
245 316 413 364 ereptae,
442 312 608 364 erigitur
634 312 685 351 ab
712 313 799 362 ipsa
825 312 984 351 iamiam
1011 312 1203 351 moritura
1228 311 1501 363 consolatione
1528 312 1619 351 hac:
1647 312 1749 351 Mihi
1774 311 1899 363 priori
1917 311 2021 350 vitae
2047 324 2184 350 cursus
2209 325 2350 351 secun-

133 375 226 415 dum
253 388 384 415 rerum
412 366 704 414 institutionem
732 376 792 413 est
816 374 926 425 prius
951 372 1230 421 conficiendas,
1259 373 1353 425 quia
1378 374 1488 425 prior
1505 376 1545 413 te
1564 387 1652 413 sum
1669 375 1765 413 nata
1789 374 1977 425 priusque
1995 373 2039 413 in
2057 373 2179 413 vitam
2199 374 2348 417 introii.

132 437 193 477 Tu
220 439 350 477 aetate
376 436 523 476 florens
557 437 597 475 et
624 435 765 475 ‘limite
799 438 941 488 coepto
967 435 1122 475 aetatis’
1158 434 1375 487 procedens
1402 435 1525 475 vitam
1552 448 1625 488 age
1653 435 1814 488 longam
1845 436 1977 488 poesis
2003 435 2143 475 studiis
2165 434 2347 476 deditam.

133 502 189 540 At
220 503 340 552 poeta
374 498 555 550 coniugis
589 498 876 549 consolatione,
919 511 1006 538 cum
1041 498 1253 537 immatura
1285 501 1414 537 morte
1448 498 1696 538 occubuisset
1728 498 2033 550 haudquaquam
2065 498 2251 550 erigitur,
2289 498 2349 537 in-

134 562 247 615 genti
274 561 410 602 dolore
438 562 588 608 anctus,
618 559 832 610 distentus,
861 560 1036 600 divulsus
1055 559 1218 600 deorum
1246 560 1403 600 incusat
1429 560 1700 600 crudelitatem
1728 562 1910 612 erratque
1936 573 2073 600 amens
2101 573 2172 611 per
2198 560 2351 600 deserta

136 624 223 671 loca
249 636 294 663 ac
321 622 565 663 solitudines.
621 621 849 673 Sequuntur
876 636 911 661 v.
940 622 1016 662 205
1044 635 1158 674 seqq:

629 705 706 744 Ille
732 705 852 744 etiam
875 708 1092 745 maestae
1120 705 1292 757 rupisset
1317 708 1496 757 tempora
1523 707 1649 756 vitae,

630 766 695 806 Ne
721 769 766 806 tu
794 769 1011 807 tartareum
1038 766 1158 807 chaos
1185 767 1419 807 incomitata
1444 768 1614 818 subires,

632 828 709 869 Sed
736 829 921 881 prohibet
946 841 1058 869 mens
1085 829 1164 869 fida
1191 829 1280 869 duci
1307 830 1575 882 servandaque
1603 830 1724 869 sacris
1763 876 1768 879 ‚

630 890 811 941 Imperiis
839 894 879 930 et
904 892 1031 931 maior
1057 905 1179 930 amor.

320 972 399 1012 Pro
420 973 621 1012 ‘maestae’
651 984 751 1024 quae
780 975 839 1012 est
866 972 1093 1013 coniectura
1111 971 1345 1013 Baehrensii
1371 972 1480 1012 codd.
1508 973 1696 1013 exhibent
1722 972 1913 1013 lectiones
1940 986 2188 1025 summopere
2216 973 2348 1020 miras,

132 1034 321 1087 Sangall.,
358 1037 404 1074 ut
429 1035 603 1082 videtur,
640 1036 814 1074 ‘cectae'.
869 1034 1032 1074 Frustra
1058 1036 1101 1074 in
1129 1035 1205 1075 hoc
1232 1035 1320 1074 loco
1349 1035 1593 1074 emendando
1621 1035 1694 1074 viri
1731 1035 1838 1074 docti
1865 1035 2067 1087 hucusque
2094 1034 2349 1074 desudarunt,

316 1090 446 1135 'Nobis
473 1097 516 1134 in
544 1096 722 1147 vestigiis
749 1097 833 1135 cod.
854 1095 1135 1148 Sangalknsis,
1165 1097 1275 1135 cuius
1302 1111 1457 1135 summa
1484 1100 1544 1136 est
1570 1098 1798 1147 auctoritas,
1826 1098 2086 1135 insistendum
2115 1097 2283 1147 videtur,
2311 1100 2353 1136 et

131 1170 179 1196 ex
205 1158 330 1197 literis
358 1157 531 1197 eiusdem
565 1158 744 1208 quamvis
779 1158 1003 1214 depravatis
1036 1158 1210 1210 genuina
1245 1158 1361 1198 lectio
1391 1159 1582 1199 eruenda..
1630 1159 1689 1197 Ac
1721 1158 1756 1197 si
1783 1159 1961 1197 nostrum
1990 1157 2120 1198 locum
2149 1171 2352 1212 compara-

131 1220 234 1260 veris
262 1234 350 1260 cum
379 1233 425 1259 eo
454 1220 522 1271 qui
550 1235 585 1262 V.
618 1220 692 1260 186
720 1220 887 1273 legitur,
915 1221 984 1260 ubi
1011 1234 1111 1261 uxor
1138 1221 1315 1260 dolorem
1343 1222 1522 1273 coniugis
1549 1221 1769 1261 delenitura
1796 1222 1894 1260 haec
1920 1222 2039 1260 verba
2065 1221 2235 1272 profert:

1129 1303 1203 1343 ‘Tu
1230 1303 1356 1343 limite
1382 1306 1521 1354 coepto

632 1364 765 1404 Tende
793 1358 920 1405 libens
947 1379 1179 1417 sacrumque
1207 1365 1310 1405 latus
1337 1366 1578 1416 geniumque
1606 1368 1808 1426 potentem

631 1427 880 1479 Inrequietus
908 1428 1029 1467 ama’!

136 1523 224 1549 cum
251 1510 530 1562 probabilitate
558 1510 621 1549 vel
649 1510 871 1551 summain
898 1523 983 1549 eam
1012 1510 1248 1550 sententiam
1277 1512 1382 1549 certe
1409 1510 1534 1550 abibis
1562 1509 1636 1550 hoc
1664 1510 1749 1550 loco
1776 1509 2063 1550 restituendum
2091 1523 2193 1550 esse:

631 1593 718 1631 ‘Ille
747 1593 866 1631 etiam
894 1595 1056 1643 coeptae
1083 1593 1253 1643 rupisset
1279 1595 1459 1643 tempora
1485 1592 1589 1632 vitae
1617 1595 1730 1644 etqs.'

320 1675 460 1727 Neque
495 1676 600 1714 enim
628 1688 838 1726 possumus
866 1675 1047 1715 dubitare
1076 1676 1172 1727 quin
1205 1675 1248 1714 hi
1275 1688 1410 1714 versus
1437 1675 1651 1714 certissime
1676 1675 1906 1726 pertineant
1932 1675 1981 1714 ad
2008 1688 2075 1714 eos
2103 1689 2204 1727 quos
2231 1676 2351 1716 modo

135 1737 265 1777 citavi.
307 1737 370 1776 Ne
397 1738 471 1777 sim
498 1738 641 1789 longus
668 1738 712 1776 in
739 1751 781 1776 re
809 1740 946 1789 aperta
972 1740 1130 1777 transeo
1158 1738 1207 1777 ad
1235 1750 1392 1777 carmen
1418 1737 1579 1776 tertium
1607 1737 1780 1776 eiusdem
1807 1737 1911 1786 libri,
1941 1738 2051 1777 cuius
2071 1741 2353 1789 argumentum

136 1799 381 1839 simillimum
415 1801 485 1840 est.
549 1798 738 1838 Continet
771 1799 877 1837 enim
911 1799 1117 1850 epicedion
1152 1798 1269 1839 Statii
1301 1799 1344 1837 in
1378 1800 1542 1850 patrem.
1604 1797 1846 1849 Imprecatur
1882 1797 2032 1838 Statius
2068 1802 2240 1850 patrem,
2283 1802 2353 1851 qui

131 1862 215 1913 ipse
244 1873 401 1913 quoque
428 1863 612 1912 poemata
630 1860 862 1912 condiderit,
892 1863 937 1900 ut
954 1861 1030 1901 sibi
1049 1861 1172 1913 patris
1198 1861 1339 1901 funera
1360 1860 1521 1900 deflenti
1539 1861 1739 1899 succurrat
1757 1859 1956 1912 dignoque
1975 1859 2187 1901 verborum
2207 1864 2353 1902 ornatu

133 1924 319 1962 carminis
346 1923 631 1975 praestantiam
659 1926 812 1975 augeat.
864 1922 940 1970 Qui
967 1937 1100 1963 versus
1127 1924 1316 1975 leguntur
1342 1924 1462 1975 vulgo
1491 1924 1565 1962 sic:

313 2004 363 2045 V.
396 2005 443 2046 19
472 2020 584 2058 seqq:
641 2007 697 2046 At
723 2009 767 2047 tu
795 2020 862 2046 seu
891 2007 1077 2047 membris
1105 2007 1269 2047 emissus
1295 2006 1339 2046 in
1366 2006 1488 2046 ardua
1514 2006 1679 2046 tendens

635 2067 920 2121 Fulgentisque
947 2068 1085 2122 plagas
1113 2081 1321 2121 rerumque
1349 2067 1544 2107 elementa
1571 2081 1771 2120 recenses,

633 2131 729 2177 Quis
758 2132 870 2180 deus,
899 2133 1004 2172 unde
1030 2133 1164 2184 ignes,
1193 2144 1292 2182 quae
1319 2132 1437 2171 ducat
1463 2131 1601 2171 semita
1629 2131 1770 2178 solem,

638 2192 746 2239 Quae
773 2194 928 2233 minuat
954 2193 1144 2233 Phoeben
1172 2206 1349 2245 quaeque
1377 2194 1574 2245 integrare
1602 2192 1791 2232 latentem

634 2254 762 2294 Causa
789 2258 907 2306 queat
933 2256 1098 2308 notique
1126 2255 1263 2295 modos
1291 2255 1467 2294 extendis
1495 2255 1609 2294 Arati
1638 2283 1773 2294 .....

633 2317 696 2356 Da
723 2331 860 2356 vocem
888 2331 1094 2370 magnam,
1122 2322 1254 2369 pater,
1281 2319 1564 2369 ingeniumque
1593 2317 1732 2355 dolori.

320 2410 521 2450 Lectionis
559 2410 750 2461 ‘notique’
786 2411 902 2450 fidem
936 2410 1013 2449 hoc
1047 2410 1134 2449 loco
1170 2422 1414 2461 summopere
1448 2411 1490 2448 in
1526 2410 1687 2448 dubium
1724 2409 1860 2448 venire
1896 2409 2026 2460 primo
2060 2409 2201 2449 obtutu
2234 2424 2352 2450 nemo

133 2485 216 2511 non
242 2471 361 2512 videt.
418 2471 557 2523 Neque
586 2472 692 2511 enim
720 2485 850 2512 errore
877 2472 1036 2512 illorum
1064 2472 1262 2524 ducimur,
1297 2473 1363 2524 qui
1391 2485 1436 2511 eo
1464 2485 1587 2523 usque
1615 2471 1884 2523 perversitatis
1913 2474 2207 2522 processerunt,
2239 2475 2284 2511 ut
2311 2473 2352 2512 in

134 2533 251 2573 Statii
279 2534 387 2573 silvis
415 2534 655 2587 castigandis
683 2537 767 2574 arte
795 2535 931 2575 critica
958 2534 1163 2574 artissimis
1190 2534 1344 2587 legibus
1379 2534 1566 2574 adstricta
1599 2533 1744 2573 indolis
1773 2532 1978 2573 Stat-ianae
2005 2534 2122 2573 altius
2158 2534 2353 2574 evolantis

120 2596 286 2646 (ratione
321 2597 438 2647 plane
472 2596 610 2635 habita
642 2596 753 2635 nulla
786 2597 848 2635 vel
881 2597 923 2635 in
957 2596 1190 2649 corruptelis
1224 2596 1453 2648 mendisque
1488 2596 1574 2635 luce
1610 2595 1843 2635 clarioribus
1879 2595 2078 2635 codicibus
2112 2596 2201 2647 plus
2234 2609 2353 2648 quam

133 2660 335 2698 merentur
352 2659 598 2699 auctoritatis
625 2660 846 2698 tribuerent
873 2662 1090 2711 poetaeque
1114 2659 1406 2712 elegantissimo
1425 2659 1487 2698 vel
1506 2672 1677 2698 summas
1705 2659 1918 2699 futilitates
1937 2660 2130 2711 imputare
2151 2659 2352 2699 auderent.

133 2719 227 2759 Fuit
254 2719 404 2761 Statius
430 2722 587 2774 generis
615 2721 770 2761 dicendi
797 2721 940 2761 artifex
966 2721 1021 2772 is,
1051 2722 1119 2773 qui
1147 2722 1194 2762 de
1221 2735 1264 2762 re
1291 2722 1419 2772 omni,
1450 2733 1717 2773 quaecumque
1745 2724 1832 2761 erat
1858 2722 2074 2773 proposita,
2105 2722 2354 2761 ornatissime

136 2782 485 2834 copiosissimeque
512 2786 647 2834 posset
674 2784 875 2824 disserere,
922 2785 1053 2834 Atque
1080 2784 1223 2835 hercle,
1252 2785 1515 2834 cuiuscunque
1543 2783 1673 2822 studia
1702 2784 1806 2823 circa
1834 2783 1950 2823 Statii
1978 2797 2097 2834 opera
2124 2783 2355 2834 diligentius

136 2847 397 2897 occupantur,
434 2845 468 2885 is
496 2843 715 2897 praefracte
742 2845 907 2899 negabit
934 2845 1051 2887 Statii
1082 2845 1255 2887 indolem
1282 2859 1457 2898 unquam
1484 2844 1533 2885 ad
1561 2845 1724 2899 vulgare
1759 2845 1979 2899 quotidiani
2006 2859 2131 2898 genus
2164 2847 2355 2887 sermonis

136 2905 276 2945 delabi.
334 2907 442 2953 Quae
471 2908 656 2947 editionis
682 2910 811 2959 princ.
840 2911 900 2948 est
925 2909 1043 2948 lectio
1072 2909 1298 2959 ‘doctique’,
1334 2921 1421 2947 cum
1449 2908 1560 2947 codd.
1590 2909 1632 2946 in
1651 2909 1876 2959 corruptela
1903 2908 2094 2958 ‘notique'
2126 2909 2356 2959 conspirent

136 2978 273 3008 omnes
300 2968 350 3008 ad
377 2983 519 3019 unum,
556 2969 644 3021 quis
672 2972 747 3020 est,
785 2970 883 3022 quin
909 2985 996 3011 eam
1023 2986 1047 3011 a
1081 2970 1242 3011 librario
1270 2971 1402 3010 nescio
1437 2984 1516 3021 quo
1548 2971 1681 3010 fictam
1710 2985 1793 3011 esse
1821 2971 1967 3021 neget?
2022 2970 2125 3009 Satis
2154 2974 2213 3010 est
2241 2984 2354 3022 argu-

133 3030 269 3070 menti.
327 3031 407 3072 Vix
435 3034 494 3073 est
521 3031 626 3084 quod
654 3032 808 3085 dubites
835 3032 1042 3073 restituere
1071 3032 1289 3085 ‘nostrique
1316 3031 1455 3072 modos
1483 3032 1661 3073 extendis
1691 3033 1829 3073 Arati’.
1876 3031 2171 3086 Intellegendus
2199 3035 2259 3072 est
2285 3036 2355 3072 aut

2085 3099 2104 3126 2
