2584 3430
394 274 626 317 Lectionem
654 274 823 323 ‘tristis'‚
852 287 970 328 quam
1004 273 1165 314 exhibet
1197 272 1284 314 cod.
1313 272 1424 316 Vrat.
1453 276 1706 317 mutaverunt
1731 273 1902 315 editores
1919 274 1963 314 in
1981 273 2170 326 ‘Tuscis’3
2198 279 2317 329 atque
2344 277 2434 318 ideo

206 353 280 392 pro
315 339 485 379 lectione
513 338 669 390 ‘patris’
703 337 882 377 omnium
915 337 1096 377 codicum
1132 336 1370 377 auctoritate
1403 337 1559 377 munita
1592 340 1765 388 ‘parens’
1801 338 2055 389 scripserunt.
2109 337 2196 378 Nos
2222 340 2434 381 lectionem

206 402 360 453 ‘patris’
394 415 483 441 cum
517 400 759 440 retineamus
792 401 934 440 vitium
966 400 1010 439 in
1044 413 1125 438 una
1157 412 1253 439 voce
1289 399 1443 439 ‘tristis'
1478 400 1607 439 inesse
1637 402 1823 450 putamus
1850 403 1890 439 et
1916 400 2166 452 suspicamur
2191 402 2455 443 mentionem·

206 465 293 505 fieri
320 465 492 512 Tiberis,
521 463 590 514 qui
617 476 735 514 saepe
761 465 874 515 pater
900 461 1134 513 appellatur.
1189 460 1250 501 Cf.
1280 460 1402 513 Verg.
1431 462 1531 501 Aen.
1559 460 1597 502 X
1623 461 1721 501 421:
1763 461 1840 502 ‘Da
1864 475 1989 510 nunc,
2024 462 2194 514 Thybri,
2221 467 2334 515 pater
2362 496 2371 504 .
2393 497 2401 504 .
2424 499 2433 507 .

209 527 417 567 Claudian.
448 526 491 565 in
517 525 636 567 Prob.
666 528 706 564 et
733 524 870 576 Olybr.
899 523 1017 564 Cons.
1045 537 1082 563 v.
1109 523 1206 563 225:
1250 523 1456 575 ‘(Tiberis)
1492 524 1599 575 palla
1626 536 1766 575 graves
1799 524 1985 565 humeros
2011 526 2134 577 velat,
2171 539 2290 576 quam
2316 540 2433 567 neve-

207 592 271 629 rat
297 602 399 628 uxor
424 588 500 627 Ilia
527 600 759 639 percurrens
785 587 930 627 vitreas
958 586 1030 625 sub
1057 587 1216 638 gurgite
1244 585 1372 626 telas?

395 649 501 689 Crux
530 662 630 699 quae
658 650 802 688 dicitur
829 650 1091 699 interpretum
1118 647 1196 687 fuit
1221 647 1333 692 locus
1361 648 1430 699 qui
1457 648 1604 700 legitur
1631 649 1675 687 in
1703 648 1796 688 Silv.
1826 649 1867 688 II
1893 650 1930 696 2,
1959 649 2023 688 93.

395 710 735 762 Magnificentiam
770 709 886 757 villae
921 708 1178 749 Surrentinae
1214 708 1334 748 Pollii
1361 708 1505 749 Felicis
1540 709 1765 750 describens
1798 713 1917 761 poeta
1952 710 2073 750 etiam
2100 711 2209 750 varia
2235 724 2434 761 marmora

207 774 314 813 illius
341 773 459 811 villae
486 772 623 811 laudat
650 773 712 811 his
740 772 890 811 verbis:

708 854 798 893 ‘Hic
827 858 866 893 et
892 854 1095 905 Amyclaei
1123 867 1280 893 caesum
1308 853 1356 892 de
1383 856 1516 893 monte
1543 850 1734 906 Lycurgi

708 916 822 961 Quod
849 916 951 955 viret
977 918 1017 954 et
1043 915 1182 955 molles
1209 916 1389 955 imitatur
1415 916 1580 966 rupibus
1606 915 1766 966 herbas,

705 977 782 1017 Hic
809 976 1035 1017 Nomadum
1061 977 1196 1017 lucent
1222 977 1409 1017 flaventia
1434 990 1528 1017 saxa
1554 976 1783 1029 Thasosque

669 1059 673 1062 ·
707 1040 761 1079 Et
789 1040 913 1080 Chios
941 1043 981 1079 et
1007 1040 1184 1091 gaudens
1210 1040 1353 1080 fluctus
1382 1042 1558 1091 spectare
1586 1039 1800 1091 Carystos.’

393 1134 442 1173 In
482 1147 598 1173 versu
633 1134 683 1173 93
717 1134 880 1173 verbum
916 1137 1120 1185 ‘spectare’
1156 1133 1413 1185 depravatum
1454 1147 1538 1173 esse
1578 1134 1816 1173 contendere
1859 1147 1942 1174 non
1983 1134 2132 1176 dubito.
2189 1135 2294 1175 Nam
2335 1137 2433 1177 haec

206 1197 325 1236 verba
351 1197 454 1236 nihil
482 1196 589 1236 aliud
616 1196 842 1248 significare
867 1199 1036 1247 possunt
1060 1196 1139 1235 nisi
1167 1201 1356 1236 ‘marmor
1374 1195 1598 1247 Carystium
1625 1197 1668 1235 in
1694 1209 1803 1236 mare
1829 1197 2054 1248 prospicere
2082 1197 2288 1249 gaudens’.
2333 1198 2433 1238 Tam

203 1259 380 1310 ineptam
416 1261 456 1297 et
489 1258 700 1297 absurdam
735 1258 975 1297 sententiam
1008 1271 1032 1297 a
1065 1257 1191 1297 Statio
1228 1258 1399 1309 proferri
1433 1259 1610 1309 potuisse
1644 1281 1694 1288 -—
1729 1259 1864 1298 credat
1896 1257 2063 1298 Iudaeus
2096 1259 2261 1310 Apella!
2318 1259 2433 1307 Quod

205 1319 419 1359 Salmasius
446 1321 657 1371 proposuit
685 1325 883 1370 ‘aequare’
913 1320 976 1359 vel
1004 1320 1140 1359 ‘fluctu
1161 1323 1324 1359 certare'
1354 1333 1595 1371 quamquam
1613 1333 1695 1359 non
1714 1320 1903 1359 abhorret
1929 1335 1954 1360 a
1980 1334 2120 1371 sensu,
2148 1324 2283 1361 tamen
2310 1323 2431 1362 nimis

203 1382 353 1422 recedit
370 1394 394 1421 a
412 1381 585 1422 lectione
610 1381 766 1423 tradita.
812 1381 962 1421 Statius
990 1381 1059 1434 qui
1078 1381 1241 1421 eandem
1261 1383 1370 1422 amat
1388 1382 1597 1422 verborum
1625 1381 1999 1432 conformationem,
2028 1382 2076 1423 de
2102 1382 2177 1422 hac
2204 1396 2248 1423 re
2275 1396 2433 1436 semper

205 1445 287 1483 fere
315 1445 436 1483 verbo
465 1445 642 1483 ‘imitari'
671 1445 808 1483 utitur.
856 1443 917 1483 Cf.
946 1458 983 1483 v.
1013 1445 1077 1483 91.
1133 1443 1263 1489 ‘Quod
1289 1445 1393 1482 viret
1419 1447 1460 1483 et
1486 1444 1625 1483 molles
1652 1445 1831 1483 imitatur
1857 1445 2021 1495 rupibus
2048 1445 2222 1484 herbas.’

390 1506 524 1547 Etiam
552 1507 649 1558 hoc,
678 1507 725 1546 de
753 1520 831 1558 quo
860 1506 1015 1558 agimus
1043 1506 1151 1556 loco,
1186 1506 1299 1546 notio
1327 1506 1507 1546 imitandi
1535 1506 1781 1547 desideratur
1807 1520 1930 1558 eaque
1958 1507 2191 1559 exprimitur
2218 1508 2368 1559 optime
2397 1509 2431 1548 si

204 1569 373 1620 legimus
401 1568 593 1620 ‘spirare’.
648 1568 770 1608 Recte
806 1569 1089 1620 interpretatur
1115 1567 1341 1620 Wagnerus
1375 1568 1425 1606 ad
1450 1565 1571 1620 Verg.
1601 1569 1745 1620 Georg.
1773 1569 1811 1619 3,
1841 1569 1893 1608 34
1919 1569 2098 1619 spirandi
2124 1569 2333 1609 notionem
2366 1570 2431 1609 his

184 1631 355 1671 verbis:
412 1631 578 1670 ‘Verum
618 1631 772 1670 vultum
805 1630 1030 1670 felicissime
1065 1630 1311 1681 exprimere.’
1375 1629 1503 1676 Quare
1530 1631 1694 1669 verbum
1729 1630 1934 1682 ‘spirandi’
1970 1630 2074 1670 idem
2105 1631 2190 1670 fere
2232 1632 2432 1683 significat

204 1692 310 1745 quod
336 1694 500 1733 verbum
528 1692 754 1733 ‘imitandi'.

392 1756 453 1795 De
489 1770 565 1795 usu
591 1756 711 1795 huius
738 1755 924 1807 imaginis
953 1755 1210 1795 conferantur
1245 1768 1346 1806 quae
1380 1755 1568 1807 leguntur
1604 1755 1698 1795 Silv.
1731 1754 1768 1794 V
1798 1757 1833 1807 1,
1860 1756 1951 1795 230.
2007 1755 2170 1794 ‘Tantas
2204 1757 2430 1796 venerabile

204 1832 379 1858 marmor
406 1819 532 1869 spirat
558 1821 682 1869 opes.’
738 1817 806 1857 Sil.
838 1819 899 1869 15,
928 1819 1004 1857 411
1035 1818 1184 1857 ‘fratris
1210 1818 1316 1856 facta
1342 1818 1511 1868 spirans’
1537 1817 1563 1857 i.
1592 1830 1625 1856 e.
1653 1817 1827 1856 imitans.
1873 1818 1910 1868 3,
1940 1817 2027 1857 740.
2081 1817 2174 1859 Silv.
2203 1819 2242 1867 3,
2271 1819 2308 1865 3,
2337 1819 2428 1858 202.

205 1880 317 1921 Ovid.
346 1880 443 1921 Met.
472 1879 529 1920 IX
556 1880 645 1920 340.
690 1879 788 1920 Hor.
818 1893 877 1932 ep.
907 1879 948 1921 II
978 1882 1012 1932 1,
1039 1880 1128 1922 207.
1174 1879 1290 1920 Mart.
1319 1879 1338 1919 I
1364 1879 1427 1920 44.
1475 1878 1614 1919 Manil.
1642 1878 1661 1918 I
1688 1878 1778 1919 206.

202 1973 242 2013 II
269 1974 307 2025 6,
337 1975 384 2013 17
405 1987 498 2026 sqq:
890 1972 1024 2013 Gemit
1048 1974 1154 2012 inter
1179 1972 1285 2012 bella
1309 1975 1578 2023 peremptum·

703 2036 876 2074 Parthus
904 2049 1069 2086 equum,
1096 2035 1274 2085 fidosque
1302 2047 1418 2073 canes
1445 2034 1589 2073 flevere
1617 2034 1803 2084 Molossi,

703 2097 757 2137 Et
784 2097 962 2138 volucres
988 2097 1162 2137 habuere
1188 2109 1347 2149 rogum,
1378 2109 1593 2147 cervusque
1620 2095 1840 2136 Maronem.

392 2189 467 2236 Qui
492 2203 629 2230 sensus
657 2190 753 2230 insit
780 2190 823 2229 in
850 2190 978 2230 verbis
1006 2192 1238 2241 ‘cervusque
1256 2187 1474 2229 Maronem’
1504 2187 1693 2240 explicari
1719 2189 1786 2228 vix
1811 2191 1958 2241 potest.
2004 2188 2233 2242 Legendum
2253 2194 2313 2231 est
2332 2192 2428 2232 ‘cer-

203 2264 352 2302 vusque
380 2253 617 2303 Myronem’.
672 2253 780 2290 Dicit
812 2255 931 2302 poeta
963 2252 1078 2290 illum
1104 2251 1313 2302 Myronem
1345 2251 1501 2301 plasten
1528 2251 1753 2289 Eleutheris
1788 2254 1946 2301 natum,
1976 2252 2045 2302 qui
2080 2253 2225 2291 bestias
2257 2254 2427 2293 maxime

201 2312 389 2364 fingebat.
417 2313 736 2353 Praeclarissima
761 2314 840 2352 fuit
867 2314 952 2352 eius
979 2313 1123 2353 bucula
1148 2313 1311 2352 lactens.
1365 2312 1426 2352 Cf.
1457 2315 1608 2351 Auson.
1639 2313 1764 2363 epigr.
1791 2313 1863 2352 58:

703 2384 871 2426 ‘Bucula
897 2399 983 2425 sum
1011 2385 1121 2425 caelo
1149 2385 1340 2438 genitoris
1367 2386 1459 2426 ficta
1486 2383 1694 2435 Myronis.’

391 2467 504 2508 Ovid-
534 2482 580 2507 ex
608 2468 739 2509 Ponto
767 2468 825 2508 IV
855 2469 896 2507 1:

662 2571 673 2582 .
701 2541 904 2582 ‘Vindicat
929 2544 972 2582 at
999 2541 1169 2582 Calamis
1197 2541 1371 2592 laudem,
1399 2554 1499 2593 quos
1526 2540 1640 2585 fecit,
1670 2553 1862 2591 equorum

703 2605 760 2645 Ut
785 2605 926 2645 similis
953 2618 1066 2645 verae
1095 2618 1213 2645 vacca
1240 2604 1417 2656 Myronis
1446 2608 1574 2655 opus.’

391 2686 453 2726 Cf.
474 2687 553 2726 Cic.
573 2701 653 2727 acc.
672 2689 710 2738 4,
731 2688 794 2738 60,
817 2689 903 2727 135.
948 2687 1157 2739 Myronem
1177 2688 1296 2727 etiam
1315 2699 1470 2726 cervum
1499 2687 1731 2727 morientem
1749 2689 1902 2740 fingere
1919 2688 2096 2740 potuisse
2113 2700 2231 2747 nemo
2250 2689 2424 2740 negabit.

205 2745 433 2787 Canachum
461 2749 619 2800 quidem
646 2763 806 2790 cervum
842 2750 1001 2789 finxisse
1028 2750 1132 2789 Plin.
1159 2764 1201 2789 n.
1228 2750 1269 2790 h.
1297 2750 1359 2797 34,
1385 2749 1434 2788 75
1461 2749 1673 2789 memoriae
1699 2750 1873 2790 tradidit.
1919 2749 2084 2789 Accedit
2109 2749 2215 2800 quod
2243 2749 2424 2801 Myronis

204 2820 325 2859 opera
359 2808 511 2850 Romae
546 2812 781 2852 creberrima
814 2813 977 2852 fuerunt
1003 2815 1044 2852 et
1069 2826 1094 2852 a
1120 2811 1248 2852 Statio
1282 2813 1438 2865 praeter
1472 2814 1601 2850 cetera
1633 2815 2005 2852 commemorantur.
2060 2810 2267 2851 Sententia
2300 2812 2424 2865 igitur
2499 2819 2502 2820 ’

201 2869 297 2917 loci,
327 2871 375 2909 de
402 2885 481 2922 quo
510 2873 683 2924 agimus,
710 2875 808 2913 haec
835 2878 911 2913 est:
946 2874 1062 2919 Quod
1089 2874 1216 2913 Ursus
1241 2877 1410 2913 mortem
1437 2873 1541 2912 servi
1568 2874 1693 2925 luget,
1721 2888 1807 2914 non
1832 2878 1893 2914 est
1920 2873 2234 2924 vituperandum.
2288 2873 2423 2913 Etiam

203 2930 352 2971 bestiae
378 2935 557 2974 mortuae
583 2933 767 2987 defletae,
801 2949 893 2976 aves
926 2935 1066 2976 funere
1099 2936 1225 2976 elatae
1259 2937 1352 2975 sunt
1380 2934 1443 2985 (cf.
1472 2935 1558 2975 Cat.
1587 2948 1707 2975 carm.
1737 2935 1787 2976 de
1822 2948 2005 2988 passere,
2039 2933 2136 2975 Silv.
2163 2933 2203 2974 II
2230 2935 2269 2974 4.
2296 2935 2353 2986 5.)
2382 2939 2423 2976 et-

204 2993 464 3035 clarissimum
490 3002 793 3038 monumentum
822 3002 882 3038 est
909 3012 1047 3039 cervus
1073 2999 1141 3038 ille
1167 2999 1340 3038 moriens
1367 3011 1391 3036 a
1418 2997 1585 3049 Myrone
1613 2999 1799 3038 caelatus.
