2715 3438
1317 211 1552 251 -6-

501 303 564 344 Ex
598 305 718 345 unius
752 304 901 344 codicis
940 303 1212 356 Sangallensis
1247 303 1427 357 vestigiis
1464 304 1621 344 restitui
1655 306 1788 356 potest
1820 318 1915 345 vera
1954 305 2073 345 lectio
2106 305 2151 345 in
2185 304 2283 345 Silv.
2317 305 2379 352 111
2414 307 2454 356 2,
2480 307 2547 350 30.

311 366 438 406 Poeta
472 367 645 406 amicum
671 366 868 405 Maecium
896 365 1076 405 Celerem
1103 366 1360 418 navigantem
1396 365 1559 417 optimis
1585 367 1690 405 votis
1716 379 1961 418 prosequens
1988 368 2108 418 atque
2134 366 2352 406 Nereidum
2379 367 2546 407 chorum

267 442 272 447 ·
310 442 479 480 rogans,
509 432 555 469 ut
580 441 724 468 navem
751 431 952 478 tueantur,
981 429 1037 468 sic
1063 429 1213 480 pergit:

813 509 912 549 Pars
940 510 1124 549 demittat
1150 510 1263 561 aquis
1290 522 1433 549 curvae
1461 509 1734 549 moderamina
1759 510 1926 561 puppis,

815 570 906 610 Sint
933 571 1077 622 quibus
1104 571 1285 622 exploret
1310 584 1429 622 rupes
1456 571 1591 622 gravis
1618 573 1703 621 arte
1729 571 1951 622 molybdus.

499 654 636 693 Lectio
666 657 812 705 ‘rupes’
843 654 1105 693 'coniecturae
1140 653 1311 693 Domitii
1338 653 1525 703 debetur,
1566 653 1651 693 cod.
1680 653 1801 705 Sang-
1830 653 1990 693 exhibet
2025 660 2209 705 ‘pumos’‚
2252 654 2397 704 reliqui
2430 654 2543 693 codd.

313 716 504 766 ‘primosz
548 717 745 767 Apertum
773 718 834 755 est
861 715 1177 755 emendationem
1205 716 1461 755 verisimilem
1487 716 1566 754 nisi
1593 729 1642 755 ex
1668 715 1848 767 vestigiis
1875 715 1961 755 cod.
1984 714 2105 768 Sang.
2132 716 2287 755 restitui
2305 729 2389 755 non
2415 728 2545 767 posse.

311 777 519 817 Facillime
537 778 815 818 emendatione
833 777 949 817 nobis
969 777 1150 817 videmur
1166 777 1300 817 locum
1318 790 1458 817 sanare
1485 790 1599 828 posse
1617 790 1691 828 pro
1710 781 1881 828 ‘pumos’
1910 778 2126 817 scribentes
2154 781 2356 829 ‘spumas’.
2400 777 2543 828 Copio-

310 840 393 879 sius
427 838 531 879 hanc
558 839 771 880 lectionem
803 840 971 891 probare
989 851 1339 891 supervacaneum
1366 842 1437 880 est.
1493 838 1675 879 Ceterum
1704 839 1755 878 cf.
1785 839 1961 879 eiusdem
1989 852 2021 879 c.
2051 853 2087 881 v.
2117 839 2179 878 74.
2234 838 2333 879 ‘Nec
2359 852 2543 891 spumare

310 900 448 940 Thetis
476 914 551 941 nec
578 915 764 954 spargere
791 902 931 941 nubila
959 901 1104 941 fluctus
1131 901 1394 942 Gaudebant.’
1439 900 1592 940 Deinde
1618 904 1738 951 poeta
1764 904 1976 952 postquam
1996 902 2116 941 etiam
2134 901 2279 941 Isidem
2298 902 2541 952 imploravit,

309 966 354 1002 ut
387 963 560 1002 amicum
593 977 665 1014 per
692 965 922 1016 Aegyptum
960 964 1038 1002 iter
1071 963 1286 1002 facientem
1320 963 1578 1002 comitaretur
1611 965 1651 1001 et
1684 976 1774 1001 eum
1809 963 1856 1002 de
1894 964 2070 1002 moribus
2106 966 2146 1002 et
2175 963 2407 1003 condicione
2434 963 2542 1002 illius

311 1027 440 1063 terrae
469 1025 669 1073 edoceret,
700 1039 733 1067 v.
765 1026 840 1064 120
865 1026 999 1076 pergit
1025 1025 1099 1064 sic:

813 1106 950 1158 Usque
977 1110 1018 1146 et
1044 1108 1087 1146 in
1112 1108 1296 1158 Assyrias
1324 1107 1434 1146 sedes
1461 1107 1726 1158 mandataque
1755 1108 1883 1146 castra

817 1169 1060 1220 Prosequere
1088 1173 1129 1208 et
1155 1169 1277 1208 Marti
1305 1169 1508 1218 iuvenem,
1538 1168 1628 1216 dea,
1657 1169 1769 1207 trade
1796 1168 1953 1209 Latino.

814 1231 899 1272 Nec
926 1246 1054 1271 novus
1080 1232 1228 1283 hospes
1255 1232 1349 1271 erit:
1376 1244 1476 1282 puer
1501 1231 1567 1270 his
1595 1230 1753 1270 sudavit
1779 1231 1822 1269 in
1850 1232 1955 1270 arvis

817 1293 949 1333 Notus
977 1294 1105 1333 adhuc
1132 1295 1290 1333 tantum
1317 1293 1479 1332 maioris
1506 1305 1670 1331 munere
1699 1292 1813 1332 clavi.

505 1374 640 1414 Lectio
668 1388 832 1414 munere
859 1376 902 1414 in
930 1389 967 1413 v.
999 1376 1075 1413 124
1109 1375 1345 1414 auctoritate
1380 1375 1559 1413 codicum
1595 1375 1760 1413 omnino
1797 1377 1915 1413 caret.
1970 1374 2075 1414 Nam
2111 1378 2151 1414 et
2178 1376 2298 1414 ceteri
2326 1376 2480 1415 codices
2508 1378 2549 1414 et

313 1436 399 1478 cod.
421 1436 541 1488 Sang.
564 1436 755 1493 exhibent
772 1437 986 1477 lectionem
1006 1438 1213 1487 ‘numine’,
1243 1450 1342 1488 quae
1361 1437 1478 1475 lectio
1498 1437 1582 1475 sine
1611 1436 1730 1475 dubio
1750 1436 1941 1475 mutanda
1968 1439 2028 1475 est
2053 1437 2096 1475 in
2124 1436 2318 1475 ‘lumine’.
2367 1436 2428 1476 Cf.
2449 1436 2546 1476 Silv.

308 1498 368 1537 IV
398 1499 436 1549 5,
464 1498 517 1536 42
546 1498 783 1538 ‘Contentus
810 1502 919 1538 artae
947 1499 1097 1538 lumine
1124 1503 1351 1550 purpurae.’

499 1560 634 1600 Tertia
666 1561 784 1601 huius
820 1562 911 1601 libri
955 1562 1095 1613 ecloga
1138 1561 1367 1600 consolatur
1408 1564 1527 1612 poeta
1555 1560 1763 1600 Claudium
1790 1560 2002 1600 Etruscum
2037 1560 2084 1599 de
2122 1563 2249 1600 morte
2276 1562 2414 1612 patris.
2470 1560 2544 1600 His

309 1622 440 1662 verbis
467 1623 629 1674 incipit:

818 1675 995 1714 ‘Summa
1022 1676 1159 1722 deum,
1190 1675 1341 1725 Pietas,
1372 1675 1482 1713 cuius
1510 1675 1736 1726 gratissima
1764 1674 1872 1713 caelo

814 1736 919 1776 Raro
946 1737 1179 1787 profanatas
1207 1738 1435 1787 inspectant
1461 1737 1628 1775 numina
1654 1739 1779 1775 terras
1798 1766 1929 1776 .....

815 1797 980 1838 Mitibus
1009 1794 1184 1850 exequiis
1212 1798 1304 1838 ades
1333 1801 1372 1838 et
1398 1798 1573 1849 lugentis
1600 1797 1759 1837 Etrusci

814 1860 943 1898 Cerne
970 1861 1059 1910 pios
1085 1860 1201 1898 fletus
1228 1860 1465 1909 laudataque
1493 1859 1645 1897 lumina
1670 1861 1810 1909 terge.’

499 1942 689 1982 Lectione
709 1942 977 1994 ‘laudataque'
998 1943 1236 1982 sententiam
1256 1942 1420 1982 omnino
1439 1942 1593 1981 turbari
1611 1942 1748 1993 liquet.
1786 1941 1926 1993 Neque
1945 1942 2052 1982 enim
2069 1942 2151 1982 ulla
2177 1943 2332 1981 ratione
2360 1942 2545 1982 cohaeret

311 2018 402 2043 cum
430 2005 552 2043 verbo
579 2005 695 2044 finito
724 2007 864 2056 ‘terge'
893 2018 1023 2055 neque
1051 2005 1238 2055 exprimit
1271 2005 1509 2043 maestitiam
1543 2004 1771 2055 luctumque
1803 2006 1956 2054 poetae.
2012 2004 2147 2043 Verbo
2177 2008 2315 2056 ‘terge'
2345 2005 2544 2044 indicatur

310 2080 412 2116 opus
440 2080 524 2105 esse
550 2067 715 2105 notione
742 2066 875 2113 flendi,
905 2067 1087 2105 lacrimas
1114 2066 1395 2117 profundendi.
1441 2066 1536 2104 Non
1564 2066 1649 2104 sine
1676 2065 1958 2115 probabilitate
1985 2079 2188 2116 speramus
2215 2079 2289 2105 nos
2316 2080 2540 2116 proponere

308 2140 426 2180 posse
454 2128 774 2168 emendationem
803 2128 1076 2180 ‘nudataque’,
1106 2130 1152 2168 ut
1177 2129 1411 2168 scribamus:

813 2200 941 2239 Cerne
968 2202 1056 2251 pios
1084 2201 1200 2240 fletus
1227 2196 1453 2251 undataque
1481 2201 1635 2238 lumina
1661 2203 1784 2252 terge.

498 2273 631 2312 Huius
665 2274 775 2312 verbi
804 2275 864 2312 vis
901 2275 1051 2324 optime
1092 2274 1306 2323 respondet
1345 2274 1467 2312 verbo
1504 2276 1644 2324 ‘terge’
1686 2277 1726 2312 et
1770 2273 1942 2312 orationi
1985 2273 2187 2313 Statianae
2228 2275 2432 2324 aptissima
2474 2278 2544 2313 est.

311 2335 412 2375 Cum
447 2335 555 2375 enim
591 2334 669 2375 hoc
702 2335 868 2376 verbum
903 2334 1009 2387 apud
1043 2335 1143 2375 alios
1177 2337 1316 2388 poetas
1351 2335 1607 2375 intransitiva
1622 2334 1805 2375 ·notione
1837 2336 2068 2387 usurpetur,
2108 2333 2258 2376 Statius
2293 2336 2545 2377 transitivam

309 2398 493 2437 adhibuit
520 2398 570 2436 cf.
600 2398 748 2437 Achill.
776 2398 795 2437 I
824 2388 887 2439 87.
942 2397 1148 2440 Claudian.
1177 2399 1233 2437 in.
1260 2398 1391 2437 Rufin.
1420 2400 1457 2447 2,
1487 2398 1549 2437 67.
1604 2397 1653 2436 In
1691 2397 1866 2436 eiusdem
1893 2398 2079 2436 carminis
2107 2411 2143 2436 v.
2174 2398 2249 2436 179
2276 2397 2544 2437 Baehrensius

310 2472 431 2510 quam
457 2460 610 2510 primus
638 2460 904 2510 corruptelam
932 2459 1122 2510 patefecit
1148 2474 1236 2498 meo
1265 2459 1425 2510 quidem
1454 2459 1599 2498 iudicio
1627 2473 1710 2498 non
1738 2459 1838 2497 bene
1866 2458 2034 2497 sustulit.
2082 2458 2230 2498 Statius
2258 2459 2436 2499 dolorem
2463 2474 2542 2511 quo

310 2519 503 2561 Etruscus
535 2524 696 2561 mortuo
732 2524 845 2573 patre
873 2522 1063 2572 afficitur,
1100 2524 1304 2572 comparat
1330 2534 1421 2561 cum
1448 2534 1495 2560 eo
1524 2520 1680 2570 dolore,
1716 2521 1759 2560 in
1786 2534 1865 2571 quo
1894 2523 1954 2560 est
1979 2520 2155 2560 Theseus
2183 2523 2276 2572 post
2302 2521 2473 2561 reditum
2500 2523 2543 2561 in

310 2583 502 2634 patriam,
540 2586 753 2635 postquam
780 2583 828 2622 de
855 2584 982 2635 Aegei
1010 2584 1135 2635 patris
1162 2586 1290 2622 morte
1325 2584 1470 2622 certior
1504 2584 1630 2622 factus
1659 2586 1730 2622 est.

812 2676 930 2716 Haud
958 2677 1075 2716 aliter
1100 2677 1254 2728 gemuit
1279 2676 1454 2727 periuria
1481 2676 1655 2716 Theseus

814 2738 972 2789 Litora,
1000 2739 1068 2791 qui
1095 2739 1207 2779 falsis
1235 2738 1444 2791 deceperat
1471 2739 1606 2792 Aegea
1634 2738 1742 2779 velis.

498 2831 734 2871 Rectissima
766 2834 862 2871 sunt
896 2844 999 2884 quae
1027 2831 1295 2871 Baehrensius
1321 2831 1372 2871 ad
1399 2831 1506 2870 hunc
1533 2831 1664 2871 locum
1691 2831 1926 2883 adnotavit,
1943 2831 2053 2871 cuius
2081 2833 2257 2871 extrema
2283 2821 2404 2871 verba
2428 2833 2541 2871 sunt:

309 2892 430 2939 ‘Quid
464 2894 601 2933 enim?
643 2908 740 2933 num
774 2894 950 2933 Theseus
985 2895 1125 2942 redux,
1163 2908 1253 2933 cum
1281 2895 1416 2946 Aegea
1449 2893 1600 2933 videret
1630 2894 1907 2945 interfectum,
1941 2894 2074 2945 potius
2108 2908 2220 2933 suam
2261 2894 2303 2932 in
2338 2893 2543 2933 Ariadnen

307 2955 514 3007 perfidiam
542 2956 657 3008 (quid
684 2956 792 2995 enim
811 2957 960 3009 virgini
994 2956 1171 2996 desertae
1191 2970 1281 2995 cum
1312 2969 1406 2995 sene
1433 2956 1477 2994 in
1504 2969 1611 2995 mare
1638 2969 1680 2995 se
1698 2956 1978 3008 praecipitanti
1986 2955 2025 3007 ‘?)
2055 2969 2173 3007 quam
2200 2958 2374 2995 mentem
2405 2956 2544 2994 imme-

307 3030 460 3057 morem
488 3020 529 3058 et
554 3018 737 3070 promissi
766 3019 870 3071 patri
891 3019 987 3059 olim
1006 3018 1088 3059 dati
1116 3019 1283 3059 oblitam
1310 3018 1506 3059 incusavit
1533 3017 1826 3070 detestatusque
1854 3020 1915 3058 est
1923 3018 1959 3058 ‘2’
